{"0_TAX_X51005447840_0": 0.0, "1_5_X51005447840_0": 1.0, "2_14/03/2018_X51005447840_0": 0.0, "3_57:07PM_X51005447840_0": 0.14285714285714285, "4_No._X51005447840_0": 0.3333333333333333, "5_GST_X51005447840_0": 0.0, "6_016-5498845,_X51005447840_0": 0.08333333333333333, "7_MEDAN_X51005447840_0": 0.0, "8_NIAGA_X51005447840_0": 0.0, "9_TASIK_X51005447840_0": 0.0, "10_DAMAI_X51005447840_0": 0.0, "11_NO_X51005447840_0": 0.0, "12_19-1&19-2_X51005447840_0": 0.1111111111111111, "13_JALAN_X51005447840_0": 0.0, "14_TASIK_X51005447840_0": 0.0, "15_UTAMA_X51005447840_0": 0.0, "16_4,_X51005447840_0": 0.5, "17_19-G&_X51005447840_0": 0.0, "18_(124525-H)_X51005447840_0": 0.0, "19_BR_X51005447840_0": 0.0, "20_No.:_X51005447840_0": 0.5, "21_SDN_X51005447840_0": 0.0, "22_BHD_X51005447840_0": 0.0, "23_BORONG_X51005447840_0": 0.0, "24_PINTAR_X51005447840_0": 0.0, "0_ _receipt_00554_0": 4.0, "0_Kembalian_receipt_00174_1": 0.2222222222222222, "1_80.000_receipt_00174_1": 0.0, "2_CASH_receipt_00174_1": 0.0, "3_100.000_receipt_00174_1": 0.8571428571428571, "4_Total_receipt_00174_1": 0.0, "5_20.000_receipt_00174_1": 0.0, "6_Subtotal_receipt_00174_1": 0.0, "7_20.000_receipt_00174_1": 0.0, "0_CASH_receipt_00173_1": 0.0, "1_346,500_receipt_00173_1": 0.0, "2_TL_receipt_00173_1": 1.0, "3_%-_receipt_00173_1": 0.0, "4_-38,500_receipt_00173_1": 0.0, "5_10%_receipt_00173_1": 0.0, "6_MANUKA_receipt_00173_1": 0.0, "7_HONEY_receipt_00173_1": 0.0, "8_385,000_receipt_00173_1": 0.0, "0_0_receipt_00703_1": 1.0, "1_CHANGED_receipt_00703_1": 0.0, "2_60.000_receipt_00703_1": 0.3333333333333333, "3_CASH_receipt_00703_1": 0.5, "4_TOTAL_receipt_00703_1": 0.2, "5_60,000_receipt_00703_1": 0.5, "6_2_receipt_00703_1": 0.0, "7_Combo_receipt_00703_1": 0.4, "8_1_receipt_00703_1": 0.0, "0_Udang_receipt_00743_0": 0.2, "1_1_receipt_00743_0": 2.0, "2_212,000_receipt_00743_0": 1.0, "3_Gandum L_receipt_00743_0": 0.5, "4_1_receipt_00743_0": 1.0, "5_Sapo_receipt_00743_0": 0.75, "6_Tohu_receipt_00743_0": 0.75, "7_Sea_receipt_00743_0": 1.0, "8_M_receipt_00743_0": 1.0, "9_112,000_receipt_00743_0": 0.0, "10_1_receipt_00743_0": 1.0, "11_Pocai_receipt_00743_0": 0.6, "12_3 Telor_receipt_00743_0": 0.42857142857142855, "13_112,000_receipt_00743_0": 0.5714285714285714, "14_M_receipt_00743_0": 2.0, "15_Ikan_receipt_00743_0": 0.5, "16_1_receipt_00743_0": 2.0, "17_Gurame_receipt_00743_0": 0.5, "18_Tahu_receipt_00743_0": 0.5, "19_M_receipt_00743_0": 1.0, "20_108,000_receipt_00743_0": 0.5714285714285714, "21_Ayam_receipt_00743_0": 0.5, "22_1_receipt_00743_0": 1.0, "23_Asam_receipt_00743_0": 0.5, "24_Manis_receipt_00743_0": 0.8, "25_94,000_receipt_00743_0": 0.16666666666666666, "26_M_receipt_00743_0": 1.0, "0_ _receipt_00422_0": 2.0, "0_BCA_receipt_00040_1": 1.6666666666666667, "1_DEBIT._receipt_00040_1": 0.5, "2_125,334_receipt_00040_1": 1.0, "3_TOTAL_receipt_00040_1": 1.0, "4_125,334_receipt_00040_1": 0.8571428571428571, "5_10%_receipt_00040_1": 1.0, "6_PB1_receipt_00040_1": 1.0, "7_11,394_receipt_00040_1": 1.0, "8_5.5%_receipt_00040_1": 0.75, "9_Service_receipt_00040_1": 0.7142857142857143, "10_5,940_receipt_00040_1": 1.0, "11_SUBTOTAL_receipt_00040_1": 0.75, "12_108,000_receipt_00040_1": 0.2857142857142857, "0_PDS_receipt_00214_0": 0.0, "1_27,000_receipt_00214_0": 0.5, "2_Dendeng_receipt_00214_0": 0.14285714285714285, "3_AYAM_receipt_00214_0": 0.75, "4_RAMES_receipt_00214_0": 0.4, "5_26,000_receipt_00214_0": 0.16666666666666666, "0_361_700_3": 0.6666666666666666, "1_4_700_3": 1.0, "2_6000_700_3": 0.5, "3_34300_700_3": 2.2, "4_2_700_3": 2.0, "5_40_700_3": 1.5, "0_BIENTOT_43_2": 0.0, "1_MERCI_43_2": 0.0, "2_DE_43_2": 0.0, "3_VOTRE_43_2": 0.0, "4_VISITE_43_2": 0.0, "5_000237_43_2": 0.0, "6_13/01/2017_43_2": 0.0, "7_16:58:59_43_2": 0.0, "8_0001_43_2": 0.25, "9_002_43_2": 0.0, "0_GOPAY_receipt_00330_1": 1.0, "1_45,000_receipt_00330_1": 0.0, "2_TOTAL_receipt_00330_1": 0.0, "3_SALES_receipt_00330_1": 0.2, "4_45,000_receipt_00330_1": 0.0, "5_45,000_receipt_00330_1": 0.16666666666666666, "6_SUB_receipt_00330_1": 0.0, "7_TOTAL_receipt_00330_1": 0.0, "8_45,000_receipt_00330_1": 0.0, "9_ORIGINAL_receipt_00330_1": 0.125, "10_PCS_receipt_00330_1": 1.3333333333333333, "11_1_receipt_00330_1": 1.0, "12_6_receipt_00330_1": 0.0, "0_MONTANT_575_0": 0.14285714285714285, "1_DESCRIPTION_575_0": 0.0, "2_QTE_575_0": 0.0, "3_Bienvenue_575_0": 0.0, "4_chez_575_0": 0.0, "5_Carrefour_575_0": 0.0, "6_Market_575_0": 0.0, "7_Dimanche_575_0": 0.0, "8_9H00_575_0": 0.75, "9_a_575_0": 0.0, "10_12H30_575_0": 0.0, "11_Lundi_575_0": 0.0, "12_au_575_0": 0.0, "13_Samedi_575_0": 0.0, "14_de_575_0": 0.0, "15_8H30_575_0": 0.0, "16_a_575_0": 0.0, "17_19H30_575_0": 0.0, "18_Tel_575_0": 0.6666666666666666, "19_66_575_0": 0.0, "20_88_575_0": 0.0, "21_98_575_0": 0.0, "22_98_575_0": 0.0, "23_VAUVERT_575_0": 0.0, "0_MERCI_371_1": 0.0, "1_DE_371_1": 0.0, "2_VOTRE_371_1": 0.0, "3_VISITE_371_1": 0.0, "4_003_371_1": 0.0, "5_000125_371_1": 0.0, "6_17/05/2017_371_1": 0.0, "7_12:13:35_371_1": 0.0, "8_CB_371_1": 0.0, "9_EMV_371_1": 0.6666666666666666, "10_SANS_371_1": 0.0, "11_CONTACT_371_1": 0.0, "12_EUR_371_1": 0.0, "13_5.40\u20ac_371_1": 0.4, "14_ARTICLECS)_371_1": 0.2, "15_3_371_1": 0.0, "16_TOTAL_371_1": 0.8, "17_A_371_1": 0.0, "18_PAYER_371_1": 0.0, "19_5.40\u20ac_371_1": 0.4, "20_*TABOU_371_1": 0.5, "21_VOLAILLE_371_1": 0.125, "22_E_371_1": 0.0, "23_1.70\u20ac_371_1": 0.4, "24_*MOUSS_371_1": 0.5, "25_IRRES.CHOCO_371_1": 0.09090909090909091, "26_3.00\u20ac_371_1": 0.4, "27_*CAROT_371_1": 0.5, "28_RAP.CRF_371_1": 0.2857142857142857, "29_300G_371_1": 0.25, "30_0.70\u20ac_371_1": 0.4, "0_:_177_2": 0.0, "1_DIMANCHE_177_2": 0.0, "2_Des_177_2": 0.3333333333333333, "3_9h..._177_2": 0.2, "4_LUNDI-SAMEDI_177_2": 0.08333333333333333, "5_08h-21h_177_2": 0.0, "0_Antoine-Marie_622_2": 0.0, "1_Zaccharia_622_2": 0.1111111111111111, "2_Saint_622_2": 0.2, "3_REMERCIE..._622_2": 0.18181818181818182, "4_VOUS_622_2": 1.0, "5_AUX_622_2": 0.0, "6_SAVEURS_622_2": 0.0, "7_D'ASIE_622_2": 0.0, "8_TVA_622_2": 0.0, "9_a_622_2": 0.0, "10_5.50%_622_2": 0.0, "11_0.42_622_2": 0.0, "12_Recu_622_2": 0.25, "13_(1x8.07)_622_2": 0.0, "14_8.07_622_2": 0.0, "15_CARTE_622_2": 0.0, "16_7.65_622_2": 0.5, "17_Hors_622_2": 0.0, "18_Taxes_622_2": 0.0, "19_SAUCE_622_2": 0.0, "20_2.15_622_2": 0.0, "21_SOJA_622_2": 0.25, "22_CLAIRE_622_2": 0.0, "23_500ML_622_2": 0.0, "0_43,000_receipt_00512_0": 0.0, "1_SUBTOTAL_receipt_00512_0": 0.125, "2_7,000_receipt_00512_0": 0.2, "3_GG_receipt_00512_0": 1.5, "4_Nasi_receipt_00512_0": 0.25, "5_Putih_receipt_00512_0": 0.4, "6_1_receipt_00512_0": 2.0, "7_36,000_receipt_00512_0": 0.16666666666666666, "8_1_receipt_00512_0": 1.0, "9_Gado_receipt_00512_0": 0.75, "10_Gado_receipt_00512_0": 0.75, "0_0,78_659_0": 0.25, "1_fermente_659_0": 0.0, "2_A_659_0": 0.0, "3_Lait_659_0": 0.0, "4_Citron_659_0": 0.0, "5_49_659_0": 0.0, "6_A_659_0": 0.0, "7_caissette_659_0": 0.0, "8_3_659_0": 0.0, "9_Melon_659_0": 0.0, "10_0,69_659_0": 0.25, "11_Concombre_659_0": 0.0, "12_A_659_0": 1.0, "13_2,29_659_0": 1.0, "14_A_659_0": 1.0, "15_terre_659_0": 0.0, "16_nouve_659_0": 0.0, "17_Pomme_659_0": 0.0, "18_de_659_0": 0.5, "19_EUR/kg_659_0": 0.16666666666666666, "20_0,420_659_0": 0.0, "21_kg_659_0": 0.5, "22_3,29_659_0": 0.25, "23_x_659_0": 1.0, "24_1,38_659_0": 0.25, "25_A_659_0": 1.0, "26_ALricot_659_0": 0.42857142857142855, "27_vrac_659_0": 0.0, "28_EUR_659_0": 0.0, "29_8h00_659_0": 0.75, "30_21h00_659_0": 0.2, "31_Samedi_659_0": 0.0, "32_Lundi_659_0": 0.0, "33_75015_659_0": 0.0, "34_Paris_659_0": 0.0, "35_Henri_659_0": 0.0, "36_Labrouste_659_0": 0.2222222222222222, "37_Rue_659_0": 0.0, "38_24_659_0": 0.5, "39_1063_659_0": 0.0, "40_Labrouste_659_0": 0.0, "41_Paris_659_0": 0.0, "0_DESCRIPTION_287_0": 0.0, "1_QTE_287_0": 0.0, "2_MONTANT_287_0": 0.2857142857142857, "3_:_287_0": 1.0, "4_Tel_287_0": 0.0, "5_17000_287_0": 0.2, "6_LA_287_0": 0.5, "7_ROCHELLE_287_0": 0.0, "8_33_287_0": 0.0, "9_RUE_287_0": 0.0, "10_DE_287_0": 0.0, "11_LA_287_0": 0.0, "12_SCIERIE_287_0": 0.0, "13_CRF-CITY_287_0": 0.0, "14_LA_287_0": 0.0, "15_ROCHELLE_287_0": 0.0, "0_MONTANT_278_0": 0.14285714285714285, "1_QTE_278_0": 0.0, "2_DESCRIPTION_278_0": 0.0, "3_Tel_278_0": 0.0, "4_ROCHELLE_278_0": 0.0, "5_17000_278_0": 0.0, "6_LA_278_0": 0.0, "7_SCIERIE_278_0": 0.0, "8_DE_278_0": 0.0, "9_LA_278_0": 0.0, "10_33_278_0": 0.0, "11_RUE_278_0": 0.0, "12_ROCHELLE_278_0": 0.0, "13_CRF-CITY_278_0": 0.0, "14_LA_278_0": 0.0, "0_1_769_1": 0.0, "1_Op:11012C:1_769_1": 0.36363636363636365, "2_S:1100_769_1": 0.0, "3_14:28_769_1": 0.0, "4_#:1175_769_1": 0.16666666666666666, "5_02.01.2017_769_1": 0.0, "6_1.27_769_1": 1.0, "7_12.73_769_1": 0.6, "8_14.00_769_1": 0.2, "9_10.00%_769_1": 0.0, "10_T.T.C._769_1": 0.8333333333333334, "11_H.T_769_1": 0.6666666666666666, "12_TVA_769_1": 0.0, "13_TVA_769_1": 1.0, "14_%_769_1": 0.0, "15_monnaie:_769_1": 0.0, "16_Rendu_769_1": 0.0, "17_6.00_769_1": 0.0, "18_20.00_769_1": 0.0, "19_ESPECES_769_1": 0.0, "20_14.00_769_1": 0.0, "21_Total_769_1": 0.0, "22_EURO_769_1": 0.0, "23_PATISSIER_769_1": 0.0, "24_FLAN_769_1": 0.0, "25_BURGER_769_1": 0.0, "26_ANGU_769_1": 0.0, "27_GOURMET_769_1": 0.0, "0_BIENTOT_536_2": 0.0, "1_A_536_2": 0.0, "2_MERCI_536_2": 0.0, "3_DE_536_2": 0.0, "4_VOTRE_536_2": 0.0, "5_VISITE_536_2": 0.0, "6_25/04/2017_536_2": 0.0, "7_14:25:57_536_2": 0.125, "8_0002_536_2": 0.0, "9_005_536_2": 0.0, "10_000164_536_2": 0.0, "0_0_receipt_00262_1": 0.0, "1_67,000_receipt_00262_1": 0.0, "2_CASH_receipt_00262_1": 0.25, "3_16,000_receipt_00262_1": 0.0, "4_CHEESE_receipt_00262_1": 0.0, "5_TART_receipt_00262_1": 0.0, "6_ROYAL_receipt_00262_1": 0.0, "7_1_receipt_00262_1": 0.0, "8_13,000_receipt_00262_1": 0.0, "9_EGG_receipt_00262_1": 0.0, "10_TART_receipt_00262_1": 0.0, "11_1_receipt_00262_1": 1.0, "12_12,000_receipt_00262_1": 0.0, "13_PASTRY_receipt_00262_1": 0.0, "14_CUSTARD_receipt_00262_1": 0.0, "15_CHOCO_receipt_00262_1": 0.0, "16_1_receipt_00262_1": 0.0, "17_17,000_receipt_00262_1": 0.0, "18_PASTRY_receipt_00262_1": 0.0, "19_PEACH_receipt_00262_1": 0.0, "20_1_receipt_00262_1": 1.0, "21_9,000_receipt_00262_1": 0.0, "22_TWIST_receipt_00262_1": 0.2, "23_DONUT_receipt_00262_1": 0.0, "24_1_receipt_00262_1": 3.0, "0_ _receipt_00048_0": 3.0, "0_OVO_receipt_00350_1": 1.0, "1_32,000_receipt_00350_1": 0.0, "2_Total_receipt_00350_1": 0.0, "3_32,000_receipt_00350_1": 0.0, "4_Rounding_receipt_00350_1": 0.0, "5_1_receipt_00350_1": 1.0, "6_2,909_receipt_00350_1": 0.0, "7_10.00%_receipt_00350_1": 0.0, "8_PB1_receipt_00350_1": 0.0, "9_29,090_receipt_00350_1": 0.0, "10_ITEMS:_receipt_00350_1": 0.0, "11_3_receipt_00350_1": 1.0, "12_1_receipt_00350_1": 1.0, "13_0_receipt_00350_1": 1.0, "14_OCHA_receipt_00350_1": 0.0, "15_COLD_receipt_00350_1": 0.75, "16_-_receipt_00350_1": 0.0, "17_1_receipt_00350_1": 1.0, "18_RAMEN_receipt_00350_1": 0.0, "19_0_receipt_00350_1": 1.0, "20_SUGAKIYA_receipt_00350_1": 0.0, "21_-_receipt_00350_1": 3.0, "22_29,090_receipt_00350_1": 0.0, "23_1_receipt_00350_1": 1.0, "24_MEAL_receipt_00350_1": 0.0, "25_1_receipt_00350_1": 1.0, "26_VALUE_receipt_00350_1": 0.0, "0_0_receipt_00312_1": 1.0, "1_10,000_receipt_00312_1": 0.0, "2_CASH_receipt_00312_1": 0.0, "0_1_receipt_00069_0": 0.0, "1_CHOCO_receipt_00069_0": 0.0, "2_DONUT_receipt_00069_0": 0.0, "3_PRETZEL_receipt_00069_0": 0.0, "4_9,000_receipt_00069_0": 0.0, "5_1_receipt_00069_0": 1.0, "6_SAUSAGE_receipt_00069_0": 0.0, "7_DONUT_receipt_00069_0": 0.0, "8_14,000_receipt_00069_0": 0.0, "0_AMOUNT_receipt_00716_0": 0.8333333333333334, "1_DUE_receipt_00716_0": 0.6666666666666666, "2_100,000.00_receipt_00716_0": 1.0, "3_SUB-TOTAL_receipt_00716_0": 0.8888888888888888, "4_100,000.00_receipt_00716_0": 1.0, "5_1,000.00_receipt_00716_0": 1.0, "6_AWAY_receipt_00716_0": 1.0, "7_CHARGE_receipt_00716_0": 0.8333333333333334, "8_TAKE_receipt_00716_0": 0.75, "9_1_receipt_00716_0": 0.0, "10_99,000.00_receipt_00716_0": 1.0, "11_BURG_receipt_00716_0": 1.75, "12_CHS_receipt_00716_0": 1.0, "13_DBL_receipt_00716_0": 1.0, "14_AMOUSH_receipt_00716_0": 0.8333333333333334, "15_6_receipt_00716_0": 1.0, "0_A_236_2": 0.0, "1_BIENTOT_236_2": 0.0, "2_Vous_236_2": 0.0, "3_remercie_236_2": 0.0, "4_de_236_2": 0.0, "5_votre_236_2": 0.4, "6_visite_236_2": 0.0, "7_CARREFOUR_236_2": 0.0, "8_MARKET_236_2": 0.0, "9_AYTRE_236_2": 0.0, "10_000016_236_2": 0.16666666666666666, "11_08/12/2016_236_2": 0.1, "12_10:00:49_236_2": 0.0, "13_0113_236_2": 0.0, "14_003_236_2": 0.0, "15_Carte_236_2": 0.0, "0_PAIN_609_0": 0.0, "1_BATARD_609_0": 0.0, "2_COMPLET_609_0": 0.0, "3_SELECT_609_0": 0.0, "4_U_609_0": 1.0, "5_1,40_609_0": 0.25, "6_\u20ac_609_0": 2.0, "7_Pi_609_0": 0.0, "8_BATARJ_609_0": 0.16666666666666666, "9_CEREALES_609_0": 0.125, "10_N_609_0": 1.0, "11_SELECT_609_0": 0.16666666666666666, "12_1.60_609_0": 0.0, "13_\u20ac_609_0": 2.0, "14_BV_609_0": 1.0, "15_>>>>_609_0": 0.5, "16_224_609_0": 1.0, "17_CD_609_0": 1.0, "18_09/03/17_609_0": 0.0, "19_12:49_609_0": 0.0, "20_7_609_0": 1.0, "21_926351_609_0": 0.0, "22_Operateur_609_0": 0.0, "23_Date_609_0": 0.0, "24_Heure_609_0": 0.0, "25_TPV_609_0": 0.6666666666666666, "26_Ticket_609_0": 0.0, "27_Le_609_0": 0.0, "28_dimanche_609_0": 0.125, "29_de_609_0": 0.0, "30_8h30_609_0": 0.25, "31_a_609_0": 0.0, "32_12h30_609_0": 0.0, "33_De_609_0": 0.0, "34_8h30_609_0": 0.0, "35_a_609_0": 1.0, "36_20h00_609_0": 0.2, "37_Tel_609_0": 0.0, "38_04.66.35.36.30_609_0": 0.07142857142857142, "39_VERGEZE_609_0": 0.14285714285714285, "40_30310_609_0": 0.0, "41_Route_609_0": 0.0, "42_de_609_0": 0.0, "43_Codognan_609_0": 0.0, "0_DESCRIPTION_179_0": 0.0, "1_QTE_179_0": 0.6666666666666666, "2_MONTANT_179_0": 0.14285714285714285, "3_:_179_0": 1.0, "4_Tel_179_0": 0.0, "5_45000_179_0": 0.0, "6_ORLEANS_179_0": 0.0, "7_1,_179_0": 0.5, "8_RUE_179_0": 0.0, "9_DU_179_0": 0.5, "10_SEL_179_0": 0.0, "11_GRENIER_179_0": 0.0, "12_A_179_0": 0.0, "13_CARREFOUR_179_0": 0.0, "14_CITY_179_0": 0.0, "15_ORLEANS_179_0": 0.0, "0_QTE_570_0": 0.6666666666666666, "1_MONTANT_570_0": 0.14285714285714285, "2_DESCRIPTION_570_0": 0.0, "3_Carrefour_570_0": 0.0, "4_Market_570_0": 0.0, "5_Bienvenue_570_0": 0.0, "6_chez_570_0": 0.0, "7_Dimanche_570_0": 0.0, "8_9H00_570_0": 0.5, "9_a_570_0": 0.0, "10_12H30_570_0": 0.0, "11_Samedi_570_0": 0.0, "12_de_570_0": 0.0, "13_8H30_570_0": 0.25, "14_a_570_0": 0.0, "15_19H30_570_0": 0.0, "16_Lundi_570_0": 0.0, "17_au_570_0": 0.0, "18_88_570_0": 0.0, "19_98_570_0": 0.0, "20_04_570_0": 0.0, "21_66_570_0": 0.5, "22_98_570_0": 0.0, "23_Tel_570_0": 0.0, "24_VAUVERT_570_0": 0.0, "0_:_92_0": 2.0, "1_Tel_92_0": 0.0, "2_ROCHELLE_92_0": 0.0, "3_LA_92_0": 0.5, "4_17000_92_0": 0.0, "5_SCIERIE_92_0": 0.0, "6_LA_92_0": 0.5, "7_RUE_92_0": 0.0, "8_DE_92_0": 0.0, "9_33_92_0": 0.0, "10_ROCHELLE_92_0": 0.0, "11_CRF-CITY_92_0": 0.0, "12_LA_92_0": 1.5, "0_ _receipt_00220_0": 5.0, "0_DESCRIPTION_110_0": 0.0, "1_QTE_110_0": 1.0, "2_MONTANT_110_0": 0.2857142857142857, "3_:_110_0": 1.0, "4_Tel_110_0": 0.0, "5_17000_110_0": 0.0, "6_RO0CHELLE_110_0": 0.1111111111111111, "7_LA_110_0": 0.0, "8_RUE_110_0": 0.0, "9_DE_110_0": 0.0, "10_33_110_0": 0.0, "11_LA_110_0": 0.0, "12_SCIERIE_110_0": 0.0, "13_CRF-CITY_110_0": 0.0, "14_LA_110_0": 0.5, "15_ROCHELLE_110_0": 0.0, "0_ECHANGE_761_2": 0.14285714285714285, "1_SOUS_761_2": 1.0, "2_8_761_2": 0.0, "3_JOURS_761_2": 0.0, "4_SAUF_761_2": 0.0, "5_N_761_2": 0.0, "6_de_761_2": 0.0, "7_Ticket_761_2": 0.0, "8_:_761_2": 1.0, "9_004002996_761_2": 0.0, "10_/_761_2": 0.0, "11_/21/11/2017_761_2": 0.45454545454545453, "12_/_761_2": 0.0, "13_004_761_2": 0.0, "14_001703_761_2": 0.16666666666666666, "15_10:35:48_761_2": 0.0, "16_Totaux:_761_2": 0.0, "17_1.17_761_2": 1.0, "18_5.80_761_2": 0.0, "19_5.80_761_2": 0.0, "20_1.17_761_2": 1.0, "21_6.97_761_2": 0.0, "22_7:20.00_761_2": 0.14285714285714285, "23_1.17_761_2": 1.0, "24_5.80_761_2": 0.0, "25_6.97_761_2": 0.0, "26_TVA._761_2": 0.0, "27_Taux_761_2": 0.0, "28_H.T._761_2": 0.75, "29_TTC_761_2": 0.0, "30_-3.03_761_2": 0.8, "31_RENDU_761_2": 0.0, "32_MONNATE_761_2": 0.0, "33_**_761_2": 1.0, "34_10.00_761_2": 0.0, "35_ESPECES_761_2": 0.2857142857142857, "0_BIENTOT_492_2": 0.0, "1_A_492_2": 0.0, "2_Vous_492_2": 0.0, "3_remercie_492_2": 0.0, "4_de_492_2": 0.0, "5_votre_492_2": 0.0, "6_visite_492_2": 0.0, "7_CARREFOUR_492_2": 0.0, "8_MARKET_492_2": 0.0, "9_AYTRE_492_2": 0.0, "10_repris_492_2": 0.0, "11_ni_492_2": 0.0, "12_echange_492_2": 0.0, "13_Solde_492_2": 0.0, "14_ni_492_2": 0.0, "15_0118_492_2": 0.0, "16_010_492_2": 1.0, "17_000077_492_2": 0.0, "18_02/04/2017_492_2": 0.0, "19_11:26:55_492_2": 0.0, "20_CARTE_492_2": 0.0, "21_BANCAIRE_492_2": 0.0, "22_EMV_492_2": 0.0, "23_EUR_492_2": 0.0, "24_23.93\u20ac_492_2": 0.3333333333333333, "25_ARTICLE_492_2": 0.0, "26_14_492_2": 0.5, "27_(S)_492_2": 0.6666666666666666, "28_TOTAL_492_2": 0.0, "29_A_492_2": 0.0, "30_PAYER_492_2": 0.0, "31_23.93\u20ac_492_2": 0.3333333333333333, "0_:_83_1": 1.0, "1_Carte_83_1": 0.0, "2_10.49\u20ac_83_1": 0.3333333333333333, "3_CB_83_1": 0.5, "4_EMV_83_1": 0.0, "5_SANS_83_1": 0.0, "6_CONTACT_83_1": 0.0, "7_EUR_83_1": 0.0, "8_6_83_1": 0.0, "9_(S)_83_1": 1.0, "10_10.49\u20ac_83_1": 0.3333333333333333, "11_ARTICLE_83_1": 0.0, "12_TOTAL_83_1": 0.0, "13_A_83_1": 0.0, "14_PAYER_83_1": 0.0, "15_*OEUFS_83_1": 0.16666666666666666, "16_BIO_83_1": 0.3333333333333333, "17_X6_83_1": 0.0, "18_RDF_83_1": 0.0, "19_2.15\u20ac_83_1": 0.4, "20_*KERISAC_83_1": 0.0, "21_CIDRE_83_1": 0.0, "22_BRUT_83_1": 0.0, "23_2.44\u20ac_83_1": 0.4, "24_2.99\u20ac_83_1": 0.4, "25_*JAMBON_83_1": 0.14285714285714285, "26_PARME_83_1": 0.2, "27_CRF_83_1": 0.0, "28_*FRANCINE_83_1": 0.1111111111111111, "29_0.93\u20ac_83_1": 0.4, "30_1KG_83_1": 0.3333333333333333, "31_*1L_83_1": 0.6666666666666666, "32_BRK_83_1": 0.0, "33_1/2E_83_1": 0.25, "34_2x_83_1": 0.5, "35_0.99_83_1": 0.0, "36_1.98\u20ac_83_1": 0.4, "37_LAIT_83_1": 0.25, "0_A_524_2": 0.0, "1_BIENTOT_524_2": 0.0, "2_MERCI_524_2": 0.0, "3_DE_524_2": 0.0, "4_VOTRE_524_2": 0.0, "5_VISITE_524_2": 0.0, "6_0006_524_2": 0.0, "7_002_524_2": 0.0, "8_000077_524_2": 0.16666666666666666, "9_21/06/2017_524_2": 0.0, "10_12:47:50_524_2": 0.0, "11_produits_524_2": 0.0, "12_5%_524_2": 0.0, "13_Carrefou_524_2": 0.0, "14_0.06\u20ac_524_2": 0.4, "15_Details:_524_2": 0.0, "0_Tebu_receipt_00580_0": 0.0, "1_Lemon_receipt_00580_0": 0.0, "2_1_receipt_00580_0": 0.0, "3_22.000_receipt_00580_0": 0.0, "0_0001_377_1": 0.0, "1_06/03/2017_377_1": 0.0, "2_004_377_1": 0.0, "3_000425_377_1": 0.0, "4_17:27:52_377_1": 1.0, "5_CARTE_377_1": 0.0, "6_BANCAIRE_377_1": 0.0, "7_EMV_377_1": 0.0, "8_EUR_377_1": 0.0, "9_5.42\u20ac_377_1": 0.4, "10_ARTICLE_377_1": 0.0, "11_(S)_377_1": 0.6666666666666666, "12_TOTAL_377_1": 0.0, "13_PAYER_377_1": 0.0, "14_4_377_1": 1.0, "15_A_377_1": 0.0, "16_5.42\u20ac_377_1": 0.4, "17_*CONCOMBRE_377_1": 0.1, "18_1.20\u20ac_377_1": 0.4, "19_*BRK_377_1": 0.0, "20_SQR_377_1": 0.3333333333333333, "21_1L_377_1": 0.5, "22_PJ_377_1": 0.5, "23_POMM_377_1": 0.5, "24_1.59\u20ac_377_1": 0.4, "25_*BAGUETTE_377_1": 0.0, "26_250G_377_1": 0.25, "27_0.84c_377_1": 0.4, "28_*2006_377_1": 0.4, "29_HOUMMOUS_377_1": 0.375, "30_CRF_377_1": 0.0, "31_1.79\u20ac_377_1": 0.4, "32_DESCRIPTION_377_1": 0.0, "33_QTE_377_1": 0.6666666666666666, "34_MONTANT_377_1": 0.0, "0_CHANGE_receipt_00716_1": 0.6666666666666666, "1_0.00_receipt_00716_1": 1.0, "2_VMB_receipt_00716_1": 0.6666666666666666, "3_BCA_receipt_00716_1": 1.6666666666666667, "4_100,000.00_receipt_00716_1": 0.9, "0_MONTANT_473_0": 0.14285714285714285, "1_QTE_473_0": 1.0, "2_DESCRIPTION_473_0": 0.0, "3_Aytre._473_0": 0.3333333333333333, "4_Gargot_473_0": 0.0, "5_Nicolas_473_0": 0.0, "6_17440_473_0": 0.0, "7_Rue_473_0": 0.0, "8_Dimanche_473_0": 0.0, "9_12h30_473_0": 0.0, "10_9h_473_0": 0.5, "11_a_473_0": 0.0, "12_de_473_0": 0.0, "13_9h_473_0": 0.5, "14_a_473_0": 0.0, "15_20h00_473_0": 0.0, "16_au_473_0": 0.0, "17_Samedi_473_0": 0.0, "18_Lundi_473_0": 0.2, "19_:_473_0": 2.0, "20_0546457320_473_0": 0.0, "21_Tel_473_0": 0.0, "22_Carrefour_473_0": 0.0, "23_market_473_0": 0.0, "24_AYTRE_473_0": 0.0, "0_CAFE_778_0": 0.0, "1_LATTE_778_0": 0.0, "2_3.00_778_0": 0.0, "3_3.00_778_0": 0.0, "4_Designaiion_778_0": 0.09090909090909091, "5_Qte_778_0": 0.3333333333333333, "6_TOTAL_778_0": 0.0, "7_P.U_778_0": 0.3333333333333333, "8_LUN_778_0": 0.0, "9_26_778_0": 0.0, "10_DEC_778_0": 0.0, "11_2016_778_0": 0.25, "12_18:49_778_0": 0.0, "13_TOULOUSE_778_0": 0.0, "14_31000_778_0": 0.0, "15_PLACE_778_0": 0.0, "16_R.SALENGRO_778_0": 0.1, "17_CAFE_778_0": 0.0, "0_ _receipt_00162_0": 0.0, "0_10,000_receipt_00100_1": 0.0, "1_CHANGE_receipt_00100_1": 0.0, "2_42,000_receipt_00100_1": 0.0, "3_CASH_receipt_00100_1": 1.0, "4_TOTAL_receipt_00100_1": 0.0, "5_32,000_receipt_00100_1": 0.0, "0_CASH_receipt_00338_1": 0.0, "1_TEA_receipt_00338_1": 0.6666666666666666, "2_THAI_receipt_00338_1": 0.25, "0_ _receipt_00617_0": 2.0, "0_ _receipt_00438_0": 2.0, "0_QTE_314_0": 0.0, "1_DESCRIPTION_314_0": 0.09090909090909091, "2_MONTANT_314_0": 0.2857142857142857, "3_:_314_0": 1.0, "4_Tel_314_0": 0.0, "5_17000_314_0": 0.0, "6_LA_314_0": 0.0, "7_ROCHELLE_314_0": 0.0, "8_33_314_0": 0.0, "9_RUE_314_0": 0.0, "10_DE_314_0": 0.0, "11_LA_314_0": 0.0, "12_SCIERIE_314_0": 0.14285714285714285, "13_CRF-CITY_314_0": 0.0, "14_LA_314_0": 0.0, "15_ROCHELLE_314_0": 0.0, "0_VISITE,_748_1": 0.0, "1_MERCI_748_1": 0.2, "2_DE_748_1": 0.0, "3_VOTRE_748_1": 0.0, "4_A_748_1": 0.0, "5_BIENTOT_748_1": 0.0, "6_!_748_1": 1.0, "7_REGLEMENT_748_1": 0.0, "8_CARTE_748_1": 0.0, "9_DE_748_1": 0.0, "10_CREDIT_748_1": 0.0, "11_VOUS_748_1": 1.0, "12_AVEZ_748_1": 0.0, "13_(E)_748_1": 0.0, "14_ETE_748_1": 0.0, "15_RECU_748_1": 0.0, "16_PAR_748_1": 0.0, "17_Siham_748_1": 0.0, "18_15_748_1": 0.0, "19_SERVICE_748_1": 0.0, "20_INCLUS_748_1": 0.0, "21_SUR_748_1": 0.0, "22_:_748_1": 2.0, "23_(20)_748_1": 0.0, "24_4,00_748_1": 0.5, "25_Montant_748_1": 0.0, "26_TVA_748_1": 0.0, "27_Euro_748_1": 0.25, "28_24,00_748_1": 0.0, "29_NET_748_1": 0.0, "30_A_748_1": 0.0, "31_REGLER_748_1": 0.0, "32_20,00_748_1": 0.0, "33_MONTANT_748_1": 0.0, "34_HORS_748_1": 0.0, "35_TAXE_748_1": 0.0, "36_1_748_1": 0.0, "37_MASQUE_748_1": 0.0, "38_24,00_748_1": 0.0, "39_OLEO_748_1": 0.25, "40_ACTIVE_748_1": 0.0, "41_17_748_1": 0.5, "0_MONTANT_341_0": 0.14285714285714285, "1_DESCRIPTION_341_0": 0.0, "2_QTE_341_0": 0.0, "3_Tel_341_0": 0.0, "4_ROCHELLE_341_0": 0.0, "5_LA_341_0": 0.0, "6_17000_341_0": 0.0, "7_SCIERIE_341_0": 0.0, "8_DE_341_0": 0.0, "9_LA_341_0": 0.0, "10_33_341_0": 0.0, "11_RUE_341_0": 0.0, "12_LA_341_0": 0.5, "13_ROCHELLE_341_0": 0.0, "14_CRF-CITY_341_0": 0.0, "0_par_729_1": 0.0, "1_EUR_729_1": 0.3333333333333333, "2_35,28_729_1": 0.6, "3_Paiement_729_1": 0.0, "4_Carte_729_1": 0.0, "5_bancaire_729_1": 0.0, "6_33,44_729_1": 0.2, "7_1,84_729_1": 0.0, "8_reduit_729_1": 0.16666666666666666, "9_Taux_729_1": 0.0, "10_sur_729_1": 0.0, "11_35,28_729_1": 0.0, "12_Net_729_1": 0.0, "13_TTC:_729_1": 0.75, "14_1,84_729_1": 0.25, "15_Total_729_1": 0.0, "16_TVA:_729_1": 0.0, "17_33,44_729_1": 0.2, "18_Total_729_1": 0.0, "19_HT:_729_1": 0.0, "20_35,28_729_1": 0.0, "21_Qte:_729_1": 0.0, "22_1_729_1": 0.0, "23_EUR_729_1": 0.0, "24_35,28_729_1": 0.2, "25_POISSONNERIE_729_1": 0.16666666666666666, "26_PESEE_729_1": 0.0, "27_EUR_729_1": 0.0, "28_jour_729_1": 0.0, "29_Bon_729_1": 0.0, "30_caisse_729_1": 0.16666666666666666, "31_Clients_729_1": 0.0, "32_Tel:_729_1": 0.0, "33_46_729_1": 0.0, "34_18_729_1": 0.0, "35_05_729_1": 0.0, "36_28_729_1": 0.0, "37_18_729_1": 0.0, "0_CASH_receipt_00122_1": 0.25, "1_100,000_receipt_00122_1": 0.0, "2_SPECIAL_receipt_00122_1": 0.0, "3_-300_receipt_00122_1": 0.0, "4_DISC_receipt_00122_1": 0.0, "5_SUBTOTAL_receipt_00122_1": 0.125, "6_24,800_receipt_00122_1": 0.0, "7_14,900_receipt_00122_1": 0.16666666666666666, "8_Tigger_receipt_00122_1": 0.0, "9_1_receipt_00122_1": 1.0, "10_Roll_receipt_00122_1": 0.0, "11_9,900_receipt_00122_1": 0.0, "12_1_receipt_00122_1": 1.0, "13_Common_receipt_00122_1": 0.3333333333333333, "14_Law_receipt_00122_1": 0.0, "0_Change:_receipt_00366_1": 0.0, "1_0_receipt_00366_1": 0.0, "2_74,000_receipt_00366_1": 0.0, "3_[74,000]_receipt_00366_1": 0.0, "4_~ MANDIRI_receipt_00366_1": 0.3333333333333333, "5_TOTAL_receipt_00366_1": 0.0, "6_GRAND_receipt_00366_1": 0.0, "7_RESTAURANT_receipt_00366_1": 0.1, "8_6,727_receipt_00366_1": 0.2, "9_TAX_receipt_00366_1": 0.0, "10_67,273_receipt_00366_1": 0.0, "11_SUB._receipt_00366_1": 1.0, "12_TOTAL_receipt_00366_1": 0.0, "0_ _receipt_00496_0": 2.0, "0_CHANGED_receipt_00336_1": 0.0, "1_15.000_receipt_00336_1": 0.0, "2_CASH_receipt_00336_1": 1.0, "3_50.000_receipt_00336_1": 0.0, "4_TOTAL_receipt_00336_1": 0.0, "5_35.000_receipt_00336_1": 0.5, "6_1_receipt_00336_1": 0.0, "7_Lemon_receipt_00336_1": 0.2, "8_Tea_receipt_00336_1": 0.0, "9_(L)_receipt_00336_1": 1.0, "10_25.000_receipt_00336_1": 0.0, "11_1_receipt_00336_1": 0.0, "12_Mineral_receipt_00336_1": 0.0, "13_Water_receipt_00336_1": 0.2, "14_(S)_receipt_00336_1": 1.0, "15_10.000_receipt_00336_1": 0.0, "0_REMERCIE_569_2": 0.0, "1_DE_569_2": 0.0, "2_VOTRE_569_2": 0.0, "3_VISITE_569_2": 0.0, "4_VOUS_569_2": 1.0, "0_:_103_0": 2.0, "1_Tel_103_0": 0.0, "2_17000_103_0": 0.0, "3_ROCHELLE_103_0": 0.0, "4_LA_103_0": 0.0, "5_SCIERIE_103_0": 0.14285714285714285, "6_33_103_0": 1.0, "7_RUE_103_0": 0.0, "8_DE_103_0": 0.0, "9_LA_103_0": 0.0, "10_ROCHELLE_103_0": 0.0, "11_CRF-CITY_103_0": 0.0, "12_LA_103_0": 0.0, "0_057_688_4": 1.3333333333333333, "0_QTE_281_0": 0.0, "1_DESCRIPTION_281_0": 0.0, "2_MONTANT_281_0": 0.14285714285714285, "3_:_281_0": 1.0, "4_Tel_281_0": 0.0, "5_17000_281_0": 0.0, "6_LA_281_0": 0.5, "7_ROCHELLE_281_0": 0.0, "8_DE_281_0": 0.0, "9_RUE_281_0": 0.0, "10_LA_281_0": 0.0, "11_33_281_0": 0.0, "12_SCIERIE_281_0": 0.0, "13_CRF-CITY_281_0": 0.0, "14_LA_281_0": 0.0, "15_ROCHELLE_281_0": 0.0, "0_DESCRIPTION_93_0": 0.0, "1_QTE_93_0": 1.0, "2_MONTANT_93_0": 0.2857142857142857, "3_:_93_0": 1.0, "4_Tel_93_0": 0.0, "5_17000_93_0": 0.0, "6_33_93_0": 0.0, "7_RUE_93_0": 0.0, "8_DE_93_0": 0.0, "9_LA_93_0": 0.5, "10_SCIERIE_93_0": 0.0, "11_CRF-CITY_93_0": 0.0, "12_LA_93_0": 0.5, "13_ROCHELLE_93_0": 0.0, "0_*CHOUQUETTE_214_1": 0.0, "1_1.00_214_1": 0.0, "2_X10_214_1": 0.0, "3_2x_214_1": 1.0, "4_2.00\u20ac_214_1": 0.4, "5_5.65\u20ac_214_1": 0.4, "6_*BRIOCHE_214_1": 0.0, "7_TRESSEE_214_1": 0.0, "8_70_214_1": 1.0, "9_0.84\u20ac_214_1": 0.4, "10_*BAGUETTE_214_1": 0.1111111111111111, "11_2006_214_1": 0.25, "12_2x_214_1": 1.0, "13_0.42_214_1": 0.0, "14_POMME/POIRE_214_1": 0.09090909090909091, "15_1.34\u20ac_214_1": 0.4, "16_*ANDROS_214_1": 0.0, "17_1.85\u20ac_214_1": 0.4, "18_*ANDROS_214_1": 0.14285714285714285, "19_POMME_214_1": 0.4, "20_NATUR_214_1": 0.0, "21_*500G_214_1": 0.4, "22_PAIN_214_1": 0.5, "23_MIE_214_1": 0.3333333333333333, "24_1.09\u20ac_214_1": 0.4, "25_DE_214_1": 0.0, "26_1.47\u20ac_214_1": 0.4, "27_450G_214_1": 0.25, "28_SUCRE_214_1": 0.0, "29_GLACE_214_1": 0.0, "30_0.72\u20ac_214_1": 0.4, "31_300G_214_1": 0.25, "32_BISCOTT.CRF_214_1": 0.0, "33_FRUITE_214_1": 0.0, "34_2.03\u20ac_214_1": 0.4, "35_*1L_214_1": 1.0, "36_REVEIL_214_1": 0.16666666666666666, "37_2.10\u20ac_214_1": 0.4, "38_*1L_214_1": 0.0, "39_PET_214_1": 0.0, "40_JUS_214_1": 1.0, "41_DE_214_1": 0.0, "42_POM_214_1": 0.3333333333333333, "43_MARTINI_214_1": 0.0, "44_ROSATO_214_1": 0.16666666666666666, "45_7.75\u20ac_214_1": 0.4, "46_1L_214_1": 1.0, "47_1KG_214_1": 0.3333333333333333, "48_POT_214_1": 0.0, "49_NUTELLA_214_1": 0.8571428571428571, "50_4.79\u20ac_214_1": 0.4, "51_2.29\u20ac_214_1": 0.4, "52_x18X50G_214_1": 0.14285714285714285, "53_DANONINO_214_1": 0.375, "54_PA_214_1": 0.5, "55_VELOUTE_214_1": 1.0, "56_3.15\u20ac_214_1": 0.4, "57_*16X_214_1": 0.5, "58_NATURE_214_1": 0.0, "59_PR_214_1": 0.0, "60_1.10\u20ac_214_1": 0.4, "61_1256_214_1": 1.0, "62_PL_214_1": 1.0, "63_BEUR_214_1": 0.0, "64_DX_214_1": 0.5, "65_2.35\u20ac_214_1": 0.4, "66_10ST_214_1": 0.75, "67_SUCRE_214_1": 0.0, "68_VANILLE_214_1": 0.2857142857142857, "0_20,200_receipt_00492_1": 0.0, "1_CHANGE_receipt_00492_1": 0.0, "2_100,500_receipt_00492_1": 0.0, "3_CASH_receipt_00492_1": 0.0, "4_80,300_receipt_00492_1": 0.0, "5_TOTAL_receipt_00492_1": 0.0, "6_7,300_receipt_00492_1": 0.0, "7_TAX_receipt_00492_1": 0.0, "8_10%_receipt_00492_1": 0.0, "9_73,000_receipt_00492_1": 0.0, "10_ITEMS_receipt_00492_1": 0.0, "11_5.00_receipt_00492_1": 0.0, "12_16,000_receipt_00492_1": 0.0, "13_NESTLE_receipt_00492_1": 0.0, "14_ML_receipt_00492_1": 0.0, "15_330_receipt_00492_1": 0.0, "16_8,000_receipt_00492_1": 0.2, "17_2X_receipt_00492_1": 0.5, "18_44,000_receipt_00492_1": 0.0, "19_AYAM_receipt_00492_1": 0.0, "20_BUMBU_receipt_00492_1": 0.0, "21_GR_receipt_00492_1": 0.5, "22_22,000_receipt_00492_1": 0.0, "23_2X_receipt_00492_1": 1.0, "24_13,000_receipt_00492_1": 0.0, "25_NASI_receipt_00492_1": 0.25, "26_PUTIH_receipt_00492_1": 0.0, "0_N_786_1": 2.0, "1_..8506_786_1": 1.0, "2_carte:_786_1": 0.0, "3_1,50_786_1": 0.25, "4_.CB_786_1": 0.6666666666666666, "5_E_786_1": 0.0, "6_VERSO_786_1": 0.0, "7_AU_786_1": 0.0, "8_FACTURE_786_1": 0.0, "9_RECU_786_1": 0.0, "10_VALANT_786_1": 0.0, "11_.1,50_786_1": 1.0, "12_euros_786_1": 0.0, "13_TTC._786_1": 0.75, "14_PRIX_786_1": 0.0, "15_0,25_786_1": 1.25, "16_euros_786_1": 0.0, "17_TVA_786_1": 0.0, "18_1,25_786_1": 1.0, "19_euros_786_1": 0.0, "20_HT._786_1": 1.0, "21_PRIX_786_1": 0.0, "0_ _receipt_00742_0": 3.0, "0_14,000_receipt_00180_0": 0.16666666666666666, "1_CRISPY_receipt_00180_0": 0.0, "2_CHOCO_receipt_00180_0": 0.0, "3_14,000_receipt_00180_0": 0.0, "4_CRISPY_receipt_00180_0": 0.0, "5_CHOCO_receipt_00180_0": 0.0, "6_CHOCO_receipt_00180_0": 0.0, "7_42,000_receipt_00180_0": 0.0, "8_BANANA_receipt_00180_0": 0.0, "9_3 X_receipt_00180_0": 1.0, "10_14,000_receipt_00180_0": 0.16666666666666666, "11_CHIP_receipt_00180_0": 0.0, "12_26,000_receipt_00180_0": 0.0, "13_CHOCO_receipt_00180_0": 0.0, "14_2 X_receipt_00180_0": 0.3333333333333333, "15_13,000_receipt_00180_0": 0.16666666666666666, "0_BIENTOT_218_2": 0.0, "1_Vous_218_2": 0.0, "2_remercie_218_2": 0.0, "3_de_218_2": 0.0, "4_votre_218_2": 0.0, "5_visite_218_2": 0.0, "6_CARREFOUR_218_2": 0.0, "7_MARKET_218_2": 0.0, "8_AYTRE_218_2": 0.0, "9_repris_218_2": 0.0, "10_echange_218_2": 0.0, "11_Solde_218_2": 0.0, "12_ni_218_2": 0.0, "13_ni_218_2": 0.0, "14_0120_218_2": 0.0, "15_008_218_2": 0.0, "16_000281_218_2": 0.0, "17_25/02/2017_218_2": 0.0, "18_18:51:59_218_2": 0.0, "19_CARTE_218_2": 0.0, "20_BANCAIRE_218_2": 0.0, "21_EMV_218_2": 0.0, "22_EUR_218_2": 0.0, "23_22.85\u20ac_218_2": 0.3333333333333333, "0_UANG_receipt_00441_0": 0.0, "1_KEMBALI_receipt_00441_0": 0.14285714285714285, "2_0_receipt_00441_0": 0.0, "3_CASH_receipt_00441_0": 1.0, "4_25,000_receipt_00441_0": 0.0, "5_0_receipt_00441_0": 1.0, "6_POTONGAN_receipt_00441_0": 0.0, "7_25,000_receipt_00441_0": 0.0, "8_TOTAL_receipt_00441_0": 0.0, "9_BELANJA_receipt_00441_0": 0.0, "10_25,000_receipt_00441_0": 0.0, "11_25,000_receipt_00441_0": 0.0, "12_1_receipt_00441_0": 0.0, "13_0.00_receipt_00441_0": 0.0, "14_/_receipt_00441_0": 1.0, "15_ORDER_receipt_00441_0": 0.0, "16_19cc0665_receipt_00441_0": 0.25, "17_DP._receipt_00441_0": 0.3333333333333333, "0_Dealing_X00016469619_2": 0.0, "1_In_X00016469619_2": 0.0, "2_Wholesale_X00016469619_2": 0.0, "3_And_X00016469619_2": 0.0, "4_Retail._X00016469619_2": 0.14285714285714285, "5_Goods_X00016469619_2": 0.0, "6_Sold_X00016469619_2": 0.0, "7_Are_X00016469619_2": 0.0, "8_Not_X00016469619_2": 0.0, "9_Returnable_X00016469619_2": 0.1, "10_Again_X00016469619_2": 0.4, "11_!_X00016469619_2": 1.0, "12_Thank_X00016469619_2": 0.0, "13_You_X00016469619_2": 0.0, "14_!_X00016469619_2": 0.0, "15_Please_X00016469619_2": 0.0, "16_Come_X00016469619_2": 0.0, "17_CHANGE._X00016469619_2": 0.0, "18_10.00_X00016469619_2": 0.0, "19_RM_X00016469619_2": 0.5, "20_CASH.._X00016469619_2": 0.16666666666666666, "21_70.30_X00016469619_2": 0.0, "22_RM_X00016469619_2": 0.5, "0_24H_762_4": 0.0, "1_24H_762_4": 0.0, "2_STATION_762_4": 0.0, "3_SERVICE_762_4": 0.0, "4_A_762_4": 0.0, "5_BIENTOT_762_4": 0.0, "6_CONFIANCE_762_4": 0.0, "7_MERCI_762_4": 0.0, "8_DE_762_4": 0.0, "9_VOTRE_762_4": 0.0, "10_CE_762_4": 0.0, "11_DE_762_4": 0.0, "12_GARANTIE_762_4": 0.125, "13_VAUT_762_4": 0.0, "14_BON_762_4": 0.0, "15_TICKET_762_4": 0.0, "16_TO050_762_4": 0.2, "17_C008_762_4": 0.0, "18_00106_762_4": 0.0, "19_M09331_762_4": 0.16666666666666666, "20_15/01/2017_762_4": 0.0, "21_10:47:34_762_4": 0.0, "22_[-]_762_4": 1.0, "23_[-]_762_4": 1.0, "24_[x]_762_4": 1.0, "25_[x]_762_4": 0.0, "26_fin_762_4": 0.3333333333333333, "27_mois._762_4": 0.2, "28_la_762_4": 0.0, "29_du_762_4": 0.0, "30_bonus_762_4": 0.0, "31_votre_762_4": 0.0, "32_25%_762_4": 0.0, "33_toucher_762_4": 0.0, "34_de_762_4": 0.0, "35_visites_762_4": 0.0, "36_pour_762_4": 0.25, "37_Ce_762_4": 0.0, "38_mois-ci,_762_4": 0.875, "39_encore_762_4": 0.0, "40_2_762_4": 0.0, "41_+25%_762_4": 0.0, "42_BONUS_762_4": 0.0, "0_DONATCOKLAT_receipt_00203_0": 0.0, "1_40,000_receipt_00203_0": 0.16666666666666666, "2_4X_receipt_00203_0": 1.0, "3_@10000_receipt_00203_0": 0.16666666666666666, "4_BANANA_receipt_00203_0": 0.3333333333333333, "5_SPLIT_receipt_00203_0": 1.0, "6_28,635_receipt_00203_0": 0.16666666666666666, "7_3X_receipt_00203_0": 1.0, "8_@9545_receipt_00203_0": 1.0, "9_ROTI_receipt_00203_0": 0.0, "10_SISIR_receipt_00203_0": 0.0, "11_17,727_receipt_00203_0": 1.0, "12_1X_receipt_00203_0": 1.0, "13_@17727_receipt_00203_0": 1.0, "14_DONAT_receipt_00203_0": 1.0, "15_AYAM_receipt_00203_0": 0.5, "16_20,000_receipt_00203_0": 0.0, "17_2X_receipt_00203_0": 0.5, "18_@10000_receipt_00203_0": 0.16666666666666666, "19_AYAM_receipt_00203_0": 0.5, "20_20,000_receipt_00203_0": 0.0, "21_2X_receipt_00203_0": 1.0, "22_@10000_receipt_00203_0": 0.16666666666666666, "0_CHANGE_receipt_00226_1": 0.0, "1_9,800_receipt_00226_1": 0.0, "2_CASH_receipt_00226_1": 0.0, "3_100,000_receipt_00226_1": 0.0, "4_TOTAL_receipt_00226_1": 0.0, "5_90,200_receipt_00226_1": 0.0, "6_TAX_receipt_00226_1": 0.0, "7_10%_receipt_00226_1": 0.0, "8_8,200_receipt_00226_1": 0.0, "9_82,000_receipt_00226_1": 0.16666666666666666, "10_5.00_receipt_00226_1": 0.0, "11_ITEMS_receipt_00226_1": 0.2, "12_16,000_receipt_00226_1": 0.0, "13_NESTLE_receipt_00226_1": 0.0, "14_330_receipt_00226_1": 0.0, "15_ML_receipt_00226_1": 0.0, "0_DESCRIPTION_263_0": 0.0, "1_QTE_263_0": 1.0, "2_MONTANT_263_0": 0.8571428571428571, "3_17000_263_0": 1.0, "4_LA_263_0": 0.5, "5_33_263_0": 1.0, "6_RUE_263_0": 0.0, "7_DE_263_0": 0.0, "8_LA_263_0": 0.5, "9_SCIERIE_263_0": 0.0, "10_CRF-CITY_263_0": 0.0, "11_LA_263_0": 0.0, "12_ROCHELLE_263_0": 0.0, "0_ _receipt_00661_0": 3.0, "0_Items,_receipt_00373_1": 0.6666666666666666, "1_3_receipt_00373_1": 1.0, "2_Kembali_receipt_00373_1": 0.5714285714285714, "3_7,000_receipt_00373_1": 0.0, "4_Cash_receipt_00373_1": 0.25, "5_50,500_receipt_00373_1": 0.16666666666666666, "6_Total_receipt_00373_1": 0.2, "7_P.Rest_receipt_00373_1": 0.5, "8_10_receipt_00373_1": 2.0, "9_%_receipt_00373_1": 2.0, "10_3,955_receipt_00373_1": 0.0, "0_repris_473_3": 0.0, "1_echange_473_3": 0.0, "2_Solde_473_3": 0.0, "3_ni_473_3": 0.5, "4_ni_473_3": 0.0, "5_000255_473_3": 0.0, "6_0123_473_3": 0.0, "7_006_473_3": 0.3333333333333333, "8_17/06/2017_473_3": 0.0, "9_19:35:13_473_3": 0.125, "10_:_473_3": 1.0, "11_Carte_473_3": 0.0, "12_BANCAIRE_473_3": 0.0, "13_CARTE_473_3": 0.0, "14_EMV_473_3": 0.0, "15_EUR_473_3": 0.0, "16_61.19\u20ac_473_3": 0.3333333333333333, "17_A_473_3": 0.0, "18_(S)_473_3": 0.3333333333333333, "19_25_473_3": 0.0, "20_ARTICLE_473_3": 0.0, "21_TOTAL_473_3": 0.0, "22_PAYER_473_3": 0.0, "23_61.19\u20ac_473_3": 0.3333333333333333, "24_AVANTAGES_473_3": 0.2222222222222222, "25_-17.80\u20ac_473_3": 0.2857142857142857, "26_TOTAL_473_3": 0.8, "27_DES_473_3": 0.0, "28_DU_473_3": 1.5, "29_JOUR_473_3": 0.5, "30_-17.80\u20ac_473_3": 0.42857142857142855, "31_CAGNOTTE_473_3": 0.125, "32_FIDELITE_473_3": 0.0, "33_EUR_473_3": 0.0, "0_DEBITBCA2704_receipt_00404_1": 0.08333333333333333, "1_49,000_receipt_00404_1": 0.0, "2_GRAND TOTAL_receipt_00404_1": 0.18181818181818182, "3_49,000_receipt_00404_1": 0.16666666666666666, "4_SUB TOTAL_receipt_00404_1": 1.0, "5_49,000_receipt_00404_1": 0.16666666666666666, "6_1_receipt_00404_1": 1.0, "7_5,000_receipt_00404_1": 0.6, "8_5,000_receipt_00404_1": 0.4, "9_*LEMONADER*_receipt_00404_1": 0.18181818181818182, "10_1_receipt_00404_1": 2.0, "11_0_receipt_00404_1": 1.0, "12_0_receipt_00404_1": 1.0, "13_1_receipt_00404_1": 2.0, "14_20,000_receipt_00404_1": 0.8333333333333334, "15_20,000_receipt_00404_1": 0.16666666666666666, "16_ORIGINAL COMBO_receipt_00404_1": 0.0, "17_1_receipt_00404_1": 1.0, "18_4,000_receipt_00404_1": 0.4, "19_4,000_receipt_00404_1": 0.2, "20_*MILOR*_receipt_00404_1": 0.14285714285714285, "0_BIENTOT_718_2": 0.0, "1_MERCI_718_2": 0.0, "2_ET_718_2": 0.0, "3_A_718_2": 0.0, "4_DE_718_2": 0.0, "5_9H00_718_2": 0.75, "6_A_718_2": 0.0, "7_19H30_718_2": 0.2, "8_LUNDI_718_2": 0.2, "9_SAMEDI_718_2": 0.16666666666666666, "10_OUVERTURE_718_2": 0.0, "11_DU_718_2": 1.0, "12_AU_718_2": 1.0, "0_DESCRIPTION_513_0": 0.0, "1_QTE_513_0": 1.0, "2_MONTANT_513_0": 0.14285714285714285, "3_Gargot_513_0": 0.0, "4_Aytre._513_0": 0.5, "5_Rue_513_0": 0.0, "6_Nicolas_513_0": 0.0, "7_17440_513_0": 0.0, "8_Dimanche_513_0": 0.0, "9_9h_513_0": 0.5, "10_a_513_0": 0.0, "11_12h30_513_0": 0.0, "12_Lundi_513_0": 0.0, "13_au_513_0": 0.0, "14_Samedi_513_0": 0.16666666666666666, "15_de_513_0": 0.0, "16_9h_513_0": 0.5, "17_a_513_0": 1.0, "18_20h00_513_0": 0.0, "19_Tel_513_0": 0.0, "20_0546457320_513_0": 0.0, "21_Carrefour_513_0": 0.0, "22_market_513_0": 0.0, "23_AYTRE_513_0": 0.0, "0_41,000_receipt_00155_1": 0.0, "1_BCA:_receipt_00155_1": 0.0, "2_DEBIT_receipt_00155_1": 0.0, "3_41,000_receipt_00155_1": 0.0, "4_Total._receipt_00155_1": 0.0, "5_41,000_receipt_00155_1": 0.0, "6_ITEMS:_receipt_00155_1": 0.16666666666666666, "7_1_receipt_00155_1": 0.0, "8_1_receipt_00155_1": 0.0, "9_Tidak Pedas_receipt_00155_1": 0.0, "10_0_receipt_00155_1": 0.0, "11_1_receipt_00155_1": 0.0, "12_BBQ Chicken_receipt_00155_1": 0.0, "13_41,000_receipt_00155_1": 0.0, "0_Other_receipt_00163_1": 0.0, "1_13.200_receipt_00163_1": 0.8333333333333334, "2_13.200_receipt_00163_1": 0.0, "3_Total_receipt_00163_1": 0.0, "4_Tax_receipt_00163_1": 0.0, "5_(10.0%)_receipt_00163_1": 0.0, "6_1.200_receipt_00163_1": 0.0, "0_Total_receipt_00254_1": 0.0, "1_9_receipt_00254_1": 0.0, "2_23.573_receipt_00254_1": 0.16666666666666666, "3_Pajak_receipt_00254_1": 0.0, "4_Rest_receipt_00254_1": 0.25, "5_10/_receipt_00254_1": 0.3333333333333333, "6_225_receipt_00254_1": 0.0, "7_Servi_receipt_00254_1": 0.0, "8_11_receipt_00254_1": 1.0, "9_Charge_receipt_00254_1": 0.0, "10_5/_receipt_00254_1": 0.5, "11_224.500_receipt_00254_1": 0.2857142857142857, "12_Subtotal_receipt_00254_1": 0.25, "13_000_receipt_00254_1": 0.0, "14_19_receipt_00254_1": 1.0, "15_1_receipt_00254_1": 2.0, "16_Sayur_receipt_00254_1": 0.2, "17_Asem_receipt_00254_1": 0.0, "18_22.000_receipt_00254_1": 0.8333333333333334, "19_2_receipt_00254_1": 0.0, "20_Teh_receipt_00254_1": 0.0, "21_Tawar_receipt_00254_1": 0.0, "22_Dingin_receipt_00254_1": 0.0, "23_18.000_receipt_00254_1": 0.6666666666666666, "24_2_receipt_00254_1": 0.0, "25_Mineral_receipt_00254_1": 0.14285714285714285, "26_Water_receipt_00254_1": 0.2, "27_9.000_receipt_00254_1": 1.0, "28_1_receipt_00254_1": 1.0, "29_NASI_receipt_00254_1": 0.25, "30_PUTIH_receipt_00254_1": 0.0, "31_58.000_receipt_00254_1": 0.8333333333333334, "32_1_receipt_00254_1": 0.0, "33_Nasi_receipt_00254_1": 0.0, "34_Rawon_receipt_00254_1": 0.0, "35_47.000_receipt_00254_1": 0.8333333333333334, "36_Ayam_receipt_00254_1": 0.25, "37_1_receipt_00254_1": 1.0, "38_Nasi_receipt_00254_1": 0.0, "39_Uduk_receipt_00254_1": 0.0, "40_51,500_receipt_00254_1": 0.3333333333333333, "41_asem_receipt_00254_1": 0.25, "42_goreng+Sayur_receipt_00254_1": 0.0, "43_1_receipt_00254_1": 1.0, "44_Ayam_receipt_00254_1": 0.25, "0_4,00_691_0": 0.0, "1_2,00_691_0": 0.25, "2_\u20ac_691_0": 0.0, "3_pestoFE_691_0": 0.0, "4_*Poulet_691_0": 0.0, "5_10,75_691_0": 0.2, "6_\u20ac_691_0": 0.0, "7_5%_691_0": 0.0, "8_Hache_691_0": 0.0, "9_Pi_691_0": 0.0, "10_x10_691_0": 0.0, "11_2,85_691_0": 0.25, "12_pesto_691_0": 0.0, "13_*Gnocchis_691_0": 0.0, "14_\u20ac_691_0": 0.0, "15_2,95_691_0": 0.25, "16_provencal_691_0": 0.0, "17_\u20ac_691_0": 0.0, "18_Colin_691_0": 0.2, "19_3,20_691_0": 0.0, "20_cepes_691_0": 0.2, "21_Risotto_691_0": 0.0, "22_\u20ac_691_0": 1.0, "23_Francais_691_0": 0.0, "24_preferee_691_0": 0.0, "25_L'enseigne_691_0": 0.0, "26_des_691_0": 0.0, "27_0238520892_691_0": 0.0, "28_ORLEANS_691_0": 0.0, "29_45000_691_0": 0.0, "30_BOURGOGNE_691_0": 0.0, "31_FAUBOURG_691_0": 0.0, "32_DE_691_0": 0.0, "33_RUE_691_0": 0.0, "34_DU_691_0": 1.0, "35_130_691_0": 0.0, "36_-_691_0": 2.0, "37_SURGELES_691_0": 0.0, "38_SAS_691_0": 0.0, "39_PICARD_691_0": 0.0, "40_343_691_0": 0.0, "0_A_261_1": 0.0, "1_BIENTOT_261_1": 0.0, "2_MERCI_261_1": 0.0, "3_DE_261_1": 0.0, "4_VOTRE_261_1": 0.0, "5_VISITE_261_1": 0.0, "6_002_261_1": 0.3333333333333333, "7_06/07/2017_261_1": 0.0, "8_12:14:14_261_1": 0.0, "9_0010_261_1": 0.0, "10_000154_261_1": 0.0, "11_EUR_261_1": 0.0, "12_CARTE_261_1": 0.0, "13_BANCAIRE_261_1": 0.0, "14_EMV_261_1": 0.0, "15_5.77\u20ac_261_1": 0.4, "16_(S)_261_1": 1.0, "17_TOTAL_261_1": 0.0, "18_PAYER_261_1": 0.0, "19_3_261_1": 0.0, "20_ARTICLE_261_1": 0.0, "21_A_261_1": 0.0, "22_5.77\u20ac_261_1": 0.4, "23_POULET_261_1": 0.0, "24_INDIE_261_1": 0.0, "25_3.65\u20ac_261_1": 0.4, "26_*PATES_261_1": 0.0, "27_1.126_261_1": 1.0, "28_*CAH_261_1": 0.5, "29_17X22_261_1": 0.8, "30_96PSEY_261_1": 0.0, "31_250_261_1": 0.0, "32_GR_261_1": 1.0, "33_BAGUETTE_261_1": 0.0, "34_CRF_261_1": 0.3333333333333333, "35_1.00\u20ac_261_1": 0.4, "0_DESCRIPTION_71_0": 0.09090909090909091, "1_QTE_71_0": 1.0, "2_MONTANT_71_0": 0.42857142857142855, "3_:_71_0": 2.0, "4_Tel_71_0": 0.0, "5_17000_71_0": 0.0, "6_LA_71_0": 0.5, "7_ROCHELLE_71_0": 0.0, "8_33_71_0": 0.0, "9_RUE_71_0": 0.0, "10_DE_71_0": 0.0, "11_LA_71_0": 0.0, "12_SCIERIE_71_0": 0.0, "13_CRF-CITY_71_0": 0.0, "14_LA_71_0": 0.0, "15_ROCHELLE_71_0": 0.0, "0_STIX_receipt_00305_0": 0.0, "1_ECLAIRS_receipt_00305_0": 0.14285714285714285, "2_23,000_receipt_00305_0": 0.16666666666666666, "3_23,000_receipt_00305_0": 0.16666666666666666, "4_1_receipt_00305_0": 0.0, "5_CARAMELALMOND_receipt_00305_0": 0.07692307692307693, "0_Vignette(s)_517_3": 0.0, "1_operation_517_3": 0.0, "2_par_517_3": 0.0, "3_Bravo_517_3": 0.2, "4_vous_517_3": 0.0, "5_avez_517_3": 0.0, "6_cumule_517_3": 0.0, "7_4.0_517_3": 0.0, "8_Vous_517_3": 0.0, "9_remercie_517_3": 0.0, "10_de_517_3": 0.0, "11_votre_517_3": 0.0, "12_visite_517_3": 0.0, "13_MARKET_517_3": 0.0, "14_AYTRE_517_3": 0.2, "15_CARREFOUR_517_3": 0.0, "16_echange_517_3": 0.0, "17_repris_517_3": 0.0, "18_ni_517_3": 0.0, "19_ni_517_3": 0.0, "20_Solde_517_3": 0.0, "21_17:42:15_517_3": 0.0, "22_01/03/2017_517_3": 0.0, "23_0114_517_3": 0.25, "24_005_517_3": 0.3333333333333333, "25_000216_517_3": 0.0, "0_ _receipt_00015_0": 2.0, "0_A_74_2": 0.0, "1_BIENTOT_74_2": 0.0, "2_VISITE_74_2": 0.0, "3_DE_74_2": 0.0, "4_VOTRE_74_2": 0.0, "5_MERCI_74_2": 0.0, "0_ _receipt_00340_0": 5.0, "0_:_163_0": 2.0, "1_Tel_163_0": 0.0, "2_LA_163_0": 0.0, "3_ROCHELLE_163_0": 0.0, "4_17000_163_0": 0.0, "5_SCIERIE_163_0": 0.0, "6_DE_163_0": 0.0, "7_LA_163_0": 0.0, "8_33_163_0": 0.0, "9_RUE_163_0": 0.0, "10_LA_163_0": 0.0, "11_ROCHELLE_163_0": 0.0, "12_CRF-CITY_163_0": 0.0, "0_Ice_receipt_00022_0": 0.3333333333333333, "1_grentea_receipt_00022_0": 0.0, "2_t_receipt_00022_0": 2.0, "3_1x_receipt_00022_0": 0.5, "4_22.000_receipt_00022_0": 0.16666666666666666, "5_22.000_receipt_00022_0": 0.0, "0_AVOIR_608_4": 0.0, "1_NI_608_4": 0.0, "2_REPRIS_608_4": 0.0, "3_NI_608_4": 0.0, "4_ECHANGES_608_4": 0.0, "5_OUVERT_608_4": 0.0, "6_SI_608_4": 0.5, "7_TUYAUX_608_4": 0.0, "8_ET_608_4": 0.0, "9_DETENDEURS_608_4": 0.0, "10_DE_608_4": 0.0, "11_GAZ_608_4": 0.0, "12_PEINTURE_608_4": 0.0, "13_TEINTEE_608_4": 0.0, "14_VISSERIE_608_4": 0.0, "15_VRAC_608_4": 0.0, "16_OU_608_4": 1.0, "17_SANS_608_4": 0.0, "18_EMBALLAGE_608_4": 0.0, "19_TOUT_608_4": 0.75, "20_PRODUIT_608_4": 0.0, "21_OUVERT_608_4": 0.0, "22_NI_608_4": 0.0, "23_REPRIS_608_4": 0.0, "24_NI_608_4": 0.0, "25_ECHANGES_608_4": 0.0, "26_Voir_608_4": 0.25, "27_la_608_4": 0.5, "28_liste_608_4": 0.0, "29_des_608_4": 0.0, "30_articles_608_4": 0.0, "31_a_608_4": 0.0, "32_l'accueil_608_4": 0.1111111111111111, "33_ou_608_4": 0.0, "34_sous_608_4": 0.0, "35_1_608_4": 0.0, "36_mois_608_4": 0.0, "37_les_608_4": 0.0, "38_echanges_608_4": 0.125, "39_pour_608_4": 0.0, "40_garanties,_608_4": 0.0, "41_preuve_608_4": 0.0, "42_Comme_608_4": 0.0, "43_d'achat_608_4": 0.0, "44_CONSERVEZ_608_4": 0.0, "45_MOI_608_4": 0.3333333333333333, "0_000169_354_1": 0.0, "1_0007_354_1": 0.0, "2_002_354_1": 0.0, "3_19/06/2017_354_1": 0.1, "4_11:53:59_354_1": 0.0, "5_CB_354_1": 0.5, "6_EMV_354_1": 0.3333333333333333, "7_SANS_354_1": 0.0, "8_CONTACT_354_1": 0.0, "9_EUR_354_1": 0.0, "10_7.17\u20ac_354_1": 0.4, "11_3_354_1": 0.0, "12_ARTICLE_354_1": 0.0, "13_(S)_354_1": 0.6666666666666666, "14_TOTAL_354_1": 0.0, "15_A_354_1": 0.0, "16_PAYER_354_1": 0.0, "17_7.17\u20ac_354_1": 0.6, "18_0.180kg_354_1": 0.14285714285714285, "19_x_354_1": 0.0, "20_2.90\u20ac/kg_354_1": 0.125, "21_*POMME_354_1": 0.5, "22_GOLDEN_354_1": 0.0, "23_GROSSE_354_1": 0.0, "24_0.52\u20ac_354_1": 0.4, "25_*BUDDHA_354_1": 0.14285714285714285, "26_BOL_354_1": 0.0, "27_FALAFEL_354_1": 0.0, "28_5.50\u20ac_354_1": 0.4, "29_*BAGUETTE_354_1": 0.1111111111111111, "30_PERENE_354_1": 0.0, "31_CERE_354_1": 0.0, "32_5.15\u20ac_354_1": 0.4, "33_DESCRIPTION_354_1": 0.0, "34_QTE_354_1": 0.6666666666666666, "35_MONTANT_354_1": 0.14285714285714285, "0_BOULANGERIE_683_2": 0.18181818181818182, "1_AGAUNE,_683_2": 0.14285714285714285, "2_2_683_2": 1.0, "3_SAUCISSON_683_2": 0.0, "4_ST_683_2": 0.5, "5_200G_683_2": 0.25, "6_3.78_683_2": 0.25, "7_CHARCUTERIE_683_2": 0.09090909090909091, "8_POULET_683_2": 0.0, "9_AU_683_2": 0.0, "10_PAPRIKA_683_2": 0.0, "11_5.30_683_2": 0.0, "12_2_683_2": 0.0, "13_AILES_683_2": 0.0, "14_DE_683_2": 0.0, "15_VOLAILLES_683_2": 0.1111111111111111, "16_CLUB_683_2": 0.0, "17_40D-ANEJO_683_2": 0.1111111111111111, "18_SP_683_2": 0.0, "19_16.33_683_2": 0.0, "20_RHUM_683_2": 0.25, "21_HAVANA_683_2": 0.0, "22_1.99_683_2": 0.0, "23_COCKTAIL_683_2": 0.0, "24_SS_683_2": 1.0, "25_ALCOOL_683_2": 0.3333333333333333, "26_PINA_683_2": 0.25, "27_COLADA_683_2": 0.0, "28_2_683_2": 0.0, "29_SANGRIA,_683_2": 0.125, "30_150CL_683_2": 0.0, "31_1.75_683_2": 0.0, "32_5_683_2": 0.0, "33_JOKER_683_2": 0.0, "34_PUR_683_2": 0.0, "35_JUS_683_2": 1.0, "36_D'ORANGE_683_2": 0.0, "37_PULPE.1_683_2": 0.14285714285714285, "38_1.76_683_2": 0.0, "39_2_683_2": 0.0, "40_5D,3L_683_2": 0.4, "41_BLANCHE_683_2": 0.0, "42_12X25CL_683_2": 0.0, "43_7.56_683_2": 0.0, "44_1664_683_2": 0.0, "45_LIQUIDES_683_2": 0.0, "46_FRAISE_683_2": 0.16666666666666666, "47_DES_683_2": 0.0, "48_BOIS_683_2": 0.0, "49_3.20_683_2": 0.25, "50_2_683_2": 0.0, "51_MARA_683_2": 0.25, "52_CONCOMBRE_683_2": 0.1111111111111111, "53_0.85_683_2": 0.25, "54_CASS/PERSIL-AIL_683_2": 0.0, "55_OLIVES_683_2": 0.0, "56_VERTES_683_2": 0.16666666666666666, "57_2.49_683_2": 0.0, "58_2_683_2": 0.0, "59_TOMATE_683_2": 0.0, "60_MELI_683_2": 0.5, "61_MELO_683_2": 0.5, "62_2.20_683_2": 0.0, "0_ _receipt_00487_1": 2.0, "0_J'OPTIMISME_203_3": 0.0, "0_Tel_42_0": 0.0, "1_ROCHELLE_42_0": 0.0, "2_LA_42_0": 0.0, "3_17000_42_0": 0.0, "4_SCIERIE_42_0": 0.0, "5_RUE_42_0": 0.0, "6_DE_42_0": 0.0, "7_LA_42_0": 0.0, "8_33_42_0": 0.0, "9_SCIERIEE_42_0": 0.0, "10_CRF-CITY_42_0": 0.0, "11_LA_42_0": 0.5, "0_+M_receipt_00546_0": 1.0, "1_+Hot_receipt_00546_0": 0.75, "2_20.000_receipt_00546_0": 0.0, "3_Latte_receipt_00546_0": 0.4, "4_1_receipt_00546_0": 1.0, "5_Tea_receipt_00546_0": 0.0, "0_-_766_0": 1.0, "1_tel_766_0": 0.6666666666666666, "2_46_766_0": 0.0, "3_17138_766_0": 0.0, "4_PUILBOREAU_766_0": 0.0, "5_05_766_0": 0.5, "6_09_766_0": 1.0, "7_0_766_0": 1.0, "8_04_766_0": 0.0, "9_18_766_0": 0.0, "10_Juin_766_0": 0.0, "11_ZAC_766_0": 0.0, "12_Beaulieu_766_0": 0.125, "13_25_766_0": 1.0, "14_rue_766_0": 0.0, "15_du_766_0": 0.0, "16_DU_766_0": 1.0, "0_QTE_536_0": 0.3333333333333333, "1_DESCRIPTION_536_0": 0.0, "2_MONTANT_536_0": 0.0, "3_:_536_0": 1.0, "4_Tel_536_0": 0.0, "5_ORLEANS_536_0": 0.0, "6_45000_536_0": 0.0, "7_1,_536_0": 1.5, "8_RUE_536_0": 0.0, "9_GRENIER_536_0": 0.0, "10_A_536_0": 0.0, "11_SEL_536_0": 0.0, "12_DU_536_0": 0.5, "13_CARREFOUR_536_0": 0.0, "14_CITY_536_0": 0.0, "15_ORLEANS_536_0": 0.0, "0_100,000_receipt_00239_1": 0.0, "1_CASH_receipt_00239_1": 1.25, "2_100,000_receipt_00239_1": 0.0, "3_CASH_receipt_00239_1": 0.5, "4_16,000_receipt_00239_1": 0.0, "5_1_receipt_00239_1": 0.0, "6_TLJ_receipt_00239_1": 1.0, "7_HOTDOG_receipt_00239_1": 0.8333333333333334, "8_BREAD_receipt_00239_1": 0.0, "9_15,000_receipt_00239_1": 0.0, "10_1_receipt_00239_1": 1.0, "11_SAUSAGE_receipt_00239_1": 0.14285714285714285, "12_19,000_receipt_00239_1": 0.3333333333333333, "13_2_receipt_00239_1": 0.0, "14_KAYA_receipt_00239_1": 0.75, "15_BUN_receipt_00239_1": 0.0, "16_22,000_receipt_00239_1": 0.16666666666666666, "17_2_receipt_00239_1": 0.0, "18_PAIN_receipt_00239_1": 0.75, "19_AU_receipt_00239_1": 1.0, "20_CHOCOLATE_receipt_00239_1": 0.1111111111111111, "0_DESCRIPTION_573_0": 0.0, "1_QTE_573_0": 0.3333333333333333, "2_MONTANT_573_0": 0.2857142857142857, "3_Bienvenue_573_0": 0.0, "4_chez_573_0": 0.0, "5_Carrefour_573_0": 0.0, "6_Market_573_0": 0.0, "7_Dimanche_573_0": 0.0, "8_9H00_573_0": 0.5, "9_a_573_0": 0.0, "10_12H30_573_0": 0.0, "11_Lundi_573_0": 0.0, "12_au_573_0": 0.0, "13_Samedi_573_0": 0.0, "14_de_573_0": 0.0, "15_8H30_573_0": 0.25, "16_a_573_0": 0.0, "17_19H30_573_0": 0.0, "18_Tel_573_0": 0.0, "19_04_573_0": 0.0, "20_66_573_0": 0.0, "21_88_573_0": 0.0, "22_98_573_0": 0.0, "23_98_573_0": 0.0, "24_VAUVERT_573_0": 0.0, "0_MERCI_61_3": 0.2, "1_DE_61_3": 0.0, "2_VOTRE_61_3": 0.0, "3_VISITE_61_3": 0.0, "4_11/09/2001_61_3": 0.0, "5_9:11:41_61_3": 0.0, "6_0001_61_3": 0.0, "7_004_61_3": 0.3333333333333333, "8_000292_61_3": 0.16666666666666666, "9_PHILADELPHIA_61_3": 0.0, "10_NATUR_61_3": 0.0, "11_0.30\u20ac_61_3": 0.4, "12_Details:_61_3": 0.0, "13_compte_61_3": 0.0, "14_Carrefour._61_3": 0.1, "15_votre_61_3": 0.0, "16_fidelite_61_3": 0.0, "17_vous_61_3": 0.0, "18_auriez_61_3": 0.0, "19_cumule_61_3": 0.0, "20_0.30\u20ac_61_3": 0.4, "21_sur_61_3": 0.0, "22_fidelite,_61_3": 0.1111111111111111, "23_aviez_61_3": 0.0, "24_carte_61_3": 0.0, "25_CARTE_61_3": 0.0, "26_BANCAIRE_61_3": 0.0, "27_EMV_61_3": 0.0, "28_EUR_61_3": 0.0, "29_35.90\u20ac_61_3": 0.5, "0_26.000_receipt_00038_1": 0.0, "1_Kembali_receipt_00038_1": 0.0, "2_50.000_receipt_00038_1": 0.0, "3_Tunai_receipt_00038_1": 0.0, "4_24.000_receipt_00038_1": 0.16666666666666666, "5_Total_receipt_00038_1": 0.0, "6_Thai_receipt_00038_1": 0.0, "7_Iced_receipt_00038_1": 0.0, "8_Green_receipt_00038_1": 0.0, "9_Tea_receipt_00038_1": 0.0, "10_1_receipt_00038_1": 0.0, "11_24.000_receipt_00038_1": 0.16666666666666666, "12_DumDum_receipt_00038_1": 0.0, "0_A_37_1": 0.0, "1_BIENTOT_37_1": 0.0, "2_MERCI_37_1": 0.0, "3_DE_37_1": 0.0, "4_VOTRE_37_1": 0.0, "5_VISITE_37_1": 0.0, "6_003_37_1": 0.0, "7_000060_37_1": 0.3333333333333333, "8_23/02/2017_37_1": 0.0, "9_12:04:59_37_1": 0.0, "10_SANS_37_1": 0.0, "11_CB_37_1": 0.5, "12_EMV_37_1": 0.0, "13_CONTACT_37_1": 0.0, "14_EUR_37_1": 0.0, "15_5.24\u20ac_37_1": 0.4, "16_RITICLE(S)_37_1": 0.0, "17_TOTAL_37_1": 0.6, "18_A_37_1": 0.0, "19_PAYER_37_1": 0.2, "20_5.24\u20ac_37_1": 0.4, "21_*HOUILI_37_1": 0.5714285714285714, "22_ES_37_1": 0.0, "23_THAI_37_1": 0.25, "24_PLT_37_1": 0.0, "25_4.116_37_1": 1.0, "26_*3X_37_1": 1.0, "27_TW:X_37_1": 0.75, "28_150G_37_1": 0.25, "29_1.13\u20ac_37_1": 0.4, "30_DESCRIPTION_37_1": 0.36363636363636365, "31_QTE_37_1": 1.0, "32_MOHTANT_37_1": 0.0, "0_QTE_277_0": 1.0, "1_DESCRIPTION_277_0": 0.0, "2_NONTANT_277_0": 0.14285714285714285, "3_Tel_277_0": 0.0, "4_17000_277_0": 0.0, "5_LA_277_0": 0.0, "6_ROCHELLE_277_0": 0.0, "7_33_277_0": 0.0, "8_RUE_277_0": 0.0, "9_DE_277_0": 0.0, "10_LA_277_0": 0.0, "11_SCIERIE_277_0": 0.0, "12_CRF-CITY_277_0": 0.0, "13_LA_277_0": 0.0, "14_ROCHELLE_277_0": 0.0, "0_Qty:_X51005337872_1": 0.25, "1_Total_X51005337872_1": 0.0, "2_51.42_X51005337872_1": 0.0, "3_ROAST_X51005337872_1": 0.0, "4_CHICKEN_X51005337872_1": 0.0, "5_RICE_X51005337872_1": 0.0, "6_11.90_X51005337872_1": 0.0, "7_11.90_X51005337872_1": 0.2, "8_(R05)_X51005337872_1": 0.4, "9_PORK_X51005337872_1": 0.0, "10_1.0_X51005337872_1": 0.3333333333333333, "11_+_X51005337872_1": 0.0, "12_ROAST_X51005337872_1": 0.0, "13_TEA(HOT)_X51005337872_1": 0.0, "14_4.60_X51005337872_1": 0.25, "15_2.30_X51005337872_1": 0.25, "16_(B03)_X51005337872_1": 0.0, "17_2.0_X51005337872_1": 0.3333333333333333, "18_JASMINE_X51005337872_1": 0.0, "19_GREEN_X51005337872_1": 0.0, "20_MUSTARD_X51005337872_1": 0.0, "21_12.00_X51005337872_1": 0.0, "22_12_X51005337872_1": 0.0, "23_00_X51005337872_1": 1.0, "24_1.0_X51005337872_1": 0.3333333333333333, "25_(V02)_X51005337872_1": 0.4, "26_&_X51005337872_1": 1.0, "27_SPICY_X51005337872_1": 0.0, "28_SOUR_X51005337872_1": 0.0, "29_SMALL_X51005337872_1": 0.0, "30_12.00_X51005337872_1": 0.2, "31_12_X51005337872_1": 0.0, "32_00_X51005337872_1": 0.0, "33_1.0_X51005337872_1": 0.3333333333333333, "34_PEANUT_X51005337872_1": 0.0, "35_WITH_X51005337872_1": 0.0, "36_RICE_X51005337872_1": 0.25, "37_00_X51005337872_1": 0.0, "38_20_X51005337872_1": 0.0, "39_7.00_X51005337872_1": 0.25, "40_14_X51005337872_1": 0.0, "41_(T02)_X51005337872_1": 0.2, "42_BRAISED_X51005337872_1": 0.0, "43_PORK_X51005337872_1": 0.0, "44_Qty_X51005337872_1": 0.0, "45_Description_X51005337872_1": 0.0, "46_Amount_X51005337872_1": 0.0, "47_Price_X51005337872_1": 0.0, "48_Salesperson._X51005337872_1": 0.08333333333333333, "49_00_X51005337872_1": 0.0, "50_12:06_X51005337872_1": 0.0, "51_Time:_X51005337872_1": 0.2, "52_06/03/2018_X51005337872_1": 0.0, "53_Date._X51005337872_1": 0.2, "54_Cashier_X51005337872_1": 0.0, "55_USER_X51005337872_1": 0.0, "56_A10_X51005337872_1": 0.0, "57_TABLE_X51005337872_1": 0.0, "58_SO00022185_X51005337872_1": 0.2, "59_No._X51005337872_1": 0.3333333333333333, "60_Doc_X51005337872_1": 0.0, "0_PRODUITS_666_3": 0.0, "1_0,17_666_3": 0.25, "2_AVANTAGES_666_3": 0.0, "3_TOTAL_666_3": 0.0, "4_0,17_666_3": 0.25, "5_TOURTEAU_666_3": 0.125, "6_PATURAGES_666_3": 0.0, "7_PRODUITS_666_3": 0.0, "8_AVANTAGES_666_3": 0.0, "9_0,28_666_3": 0.25, "10_DISPONIBLE_666_3": 0.0, "11_SOLDE_666_3": 0.0, "12_FIDELITE_666_3": 0.0, "13_AVANTAGES_666_3": 0.0, "14_FIDELITE_666_3": 0.0, "15_CARTE_666_3": 0.0, "16_23,23_666_3": 0.2, "17_1,21_666_3": 0.5, "18_22,02_666_3": 0.0, "19_5,50%_666_3": 0.6, "0_1,000_receipt_00188_1": 0.2, "1_Change:_receipt_00188_1": 0.14285714285714285, "2_25,000_receipt_00188_1": 0.3333333333333333, "3_cash:_receipt_00188_1": 0.2, "4_2,182_receipt_00188_1": 0.0, "5_PB1:_receipt_00188_1": 1.0, "6_21,818_receipt_00188_1": 0.0, "7_SubTotal:_receipt_00188_1": 0.2222222222222222, "8_Aqua_receipt_00188_1": 0.5, "9_21,818_receipt_00188_1": 0.16666666666666666, "10_Smoke_receipt_00188_1": 0.4, "11_Beef_receipt_00188_1": 0.25, "12_1_receipt_00188_1": 2.0, "13_+_receipt_00188_1": 1.0, "0_ _receipt_00181_0": 2.0, "0_DESCRIPTION_492_0": 0.0, "1_QTE_492_0": 0.3333333333333333, "2_MONTANT_492_0": 0.14285714285714285, "3_Gargot_492_0": 0.0, "4_Nicolas_492_0": 0.0, "5_Aytre._492_0": 0.3333333333333333, "6_Rue_492_0": 0.0, "7_17440_492_0": 0.0, "8_Dimanche_492_0": 0.0, "9_9h_492_0": 0.0, "10_a_492_0": 1.0, "11_12h30_492_0": 0.0, "12_Lundi_492_0": 0.0, "13_au_492_0": 0.0, "14_Samedi_492_0": 0.0, "15_de_492_0": 0.0, "16_9h_492_0": 0.5, "17_a_492_0": 0.0, "18_20h00_492_0": 0.0, "19_:_492_0": 2.0, "20_Tel_492_0": 0.0, "21_0546457320_492_0": 0.0, "22_Carrefour_492_0": 0.0, "23_market_492_0": 0.0, "24_AYTRE_492_0": 0.0, "0_(S)_123_1": 0.3333333333333333, "1_ARTICLE_123_1": 0.0, "2_A_123_1": 0.0, "3_PAYER_123_1": 0.0, "4_12.92\u20ac_123_1": 0.3333333333333333, "5_8_123_1": 0.0, "6_TOTAL_123_1": 0.0, "7_1.77\u20ac_123_1": 0.4, "8_KIRI_123_1": 0.0, "9_CREME_123_1": 0.2, "10_X_123_1": 0.0, "11_8_123_1": 0.0, "12_0.97\u20ac_123_1": 0.4, "13_EMMENTAL_123_1": 0.125, "14_RAPE_123_1": 0.0, "15_100G_123_1": 0.25, "16_0.430kg_123_1": 0.0, "17_4.50\u20ac/kg_123_1": 0.0, "18_x_123_1": 1.0, "19_1.94\u20ac_123_1": 0.4, "20_CLEMENTINE_123_1": 0.2, "21_FEUILLE_123_1": 0.14285714285714285, "22_E_123_1": 0.0, "23_BAGUETTE_123_1": 0.0, "24_0.84\u20ac_123_1": 0.4, "25_250G_123_1": 0.25, "26_1.20\u20ac_123_1": 0.4, "27_500G_123_1": 0.25, "28_PAIN_123_1": 0.25, "29_DE_123_1": 0.0, "30_MIE_123_1": 0.3333333333333333, "31_3.21\u20ac_123_1": 0.4, "32_250G_123_1": 0.25, "33_TORTELL.PESTO_123_1": 0.15384615384615385, "34_0.82\u20ac_123_1": 0.4, "35_PROVENCAL_123_1": 0.0, "36_200G_123_1": 0.25, "37_SCE_123_1": 0.0, "38_2.17\u20ac_123_1": 0.4, "39_160G_123_1": 0.25, "40_JBN_123_1": 0.0, "41_SUP_123_1": 0.0, "42_DD_123_1": 1.0, "43_CR_123_1": 0.0, "44_QTE_123_1": 0.3333333333333333, "45_HONTANT_123_1": 0.14285714285714285, "46_DESCRIPTION_123_1": 0.0, "0_599,955_receipt_00349_1": 0.0, "1_TOTAL_receipt_00349_1": 0.0, "2_Discount_receipt_00349_1": 0.125, "3_0_receipt_00349_1": 1.0, "4_Tax_receipt_00349_1": 0.3333333333333333, "5_54,255_receipt_00349_1": 0.0, "6_Service_receipt_00349_1": 0.0, "7_35,700_receipt_00349_1": 0.16666666666666666, "8_Sub_receipt_00349_1": 0.0, "9_Total_receipt_00349_1": 0.0, "10_510,000_receipt_00349_1": 0.0, "11_N_receipt_00349_1": 0.0, "12_MULNAENGMYO_receipt_00349_1": 0.0, "13_85,000_receipt_00349_1": 0.0, "14_1_receipt_00349_1": 1.0, "15_JJIGAE_receipt_00349_1": 0.3333333333333333, "16_DENJANG_receipt_00349_1": 0.14285714285714285, "17_85,000_receipt_00349_1": 0.16666666666666666, "18_HAEMUL_receipt_00349_1": 1.0, "19_1_receipt_00349_1": 1.0, "0_CHANGE_receipt_00203_1": 0.16666666666666666, "1_62,003_receipt_00203_1": 0.5, "2_300,000_receipt_00203_1": 0.14285714285714285, "3_CASH_receipt_00203_1": 0.75, "4_TOTAL_receipt_00203_1": 1.0, "5_237,997_receipt_00203_1": 0.2857142857142857, "6_23.00xITEMs_receipt_00203_1": 0.45454545454545453, "7_AMOUNT_receipt_00203_1": 0.5, "8_21,636_receipt_00203_1": 0.5, "9_PB_receipt_00203_1": 1.0, "10_1_receipt_00203_1": 1.0, "11_10%_receipt_00203_1": 0.3333333333333333, "12_10.000%_receipt_00203_1": 0.14285714285714285, "13_SUBTOTAL_receipt_00203_1": 0.0, "14_216,361_receipt_00203_1": 0.14285714285714285, "15_PLASTIK_receipt_00203_1": 0.42857142857142855, "16_TENTENG_receipt_00203_1": 0.0, "17_KECIL_receipt_00203_1": 0.8, "18_0_receipt_00203_1": 0.0, "19_2X_receipt_00203_1": 0.5, "20_@0_receipt_00203_1": 0.5, "21_CAKE_receipt_00203_1": 0.0, "22_PITA_receipt_00203_1": 0.0, "23_11,818_receipt_00203_1": 0.8333333333333334, "24_1X_receipt_00203_1": 1.0, "25_@11818_receipt_00203_1": 0.8333333333333334, "26_LAPIS_receipt_00203_1": 0.6, "27_SURABAYA_receipt_00203_1": 0.0, "28_PTG_receipt_00203_1": 0.3333333333333333, "29_33,636_receipt_00203_1": 0.5, "30_2X_receipt_00203_1": 1.0, "31_@16818_receipt_00203_1": 0.16666666666666666, "32_MANDARIN_receipt_00203_1": 0.25, "33_CAKE_receipt_00203_1": 0.0, "34_PTG_receipt_00203_1": 0.3333333333333333, "35_16,364_receipt_00203_1": 0.0, "36_2X_receipt_00203_1": 1.0, "37_@8182_receipt_00203_1": 0.4, "38_BANANA_receipt_00203_1": 0.0, "39_CAKE_receipt_00203_1": 0.0, "40_PTG_receipt_00203_1": 0.3333333333333333, "41_6,818_receipt_00203_1": 0.2, "42_1X_receipt_00203_1": 1.0, "43_@6818_receipt_00203_1": 0.4, "44_BOLU_receipt_00203_1": 0.5, "45_HAWAI_receipt_00203_1": 0.4, "46_PTNG_receipt_00203_1": 0.5, "47_5,909_receipt_00203_1": 0.0, "48_1X_receipt_00203_1": 1.0, "49_@ 5909_receipt_00203_1": 0.3333333333333333, "50_MARMER_receipt_00203_1": 0.3333333333333333, "51_CAKE_receipt_00203_1": 0.0, "52_PTG_receipt_00203_1": 0.3333333333333333, "53_6,818_receipt_00203_1": 0.4, "54_1X_receipt_00203_1": 1.0, "55_@6818_receipt_00203_1": 0.4, "56_TIGER_receipt_00203_1": 0.0, "57_ROLL_receipt_00203_1": 0.0, "58_PTG_receipt_00203_1": 0.3333333333333333, "59_8,636_receipt_00203_1": 0.6, "60_1X_receipt_00203_1": 1.0, "61_@8636_receipt_00203_1": 0.4, "0_MONTANT_497_0": 0.42857142857142855, "1_QTE_497_0": 1.0, "2_DESCRIPTION_497_0": 0.0, "3_Aytre._497_0": 0.0, "4_Gargot_497_0": 0.0, "5_17440_497_0": 0.0, "6_Nicolas_497_0": 0.0, "7_Rue_497_0": 0.0, "8_12h30_497_0": 0.0, "9_a_497_0": 1.0, "10_Dimanche_497_0": 0.0, "11_9h_497_0": 0.5, "12_20h00_497_0": 0.0, "13_Lundi_497_0": 0.0, "14_Samedi_497_0": 0.16666666666666666, "15_a_497_0": 0.0, "16_de_497_0": 0.0, "17_9h_497_0": 0.5, "18_0546457320_497_0": 0.0, "19_Tel_497_0": 0.0, "20_AYTRE_497_0": 0.0, "21_market_497_0": 0.0, "22_Carrefour_497_0": 0.0, "0_ _receipt_00102_0": 3.0, "0_du_738_1": 0.0, "1_lundi_738_1": 0.0, "2_de_738_1": 0.0, "3_10h_738_1": 0.0, "4_a_738_1": 0.0, "5_19h,_738_1": 0.25, "6_au_738_1": 0.0, "7_samedi_738_1": 0.0, "8_magasin_738_1": 0.0, "9_Votre_738_1": 0.0, "10_est_738_1": 0.0, "11_ouvert_738_1": 0.0, "12_KATIA_738_1": 0.0, "13_M_738_1": 2.0, "14_OPERATEUR_738_1": 0.0, "15_EST_738_1": 0.0, "16_VOTRE_738_1": 0.0, "17_20,00_738_1": 0.0, "18_4,56_738_1": 0.25, "19_0,91_738_1": 0.5, "20_5,47_738_1": 0.5, "21_Net_738_1": 0.0, "22_TVA_738_1": 0.0, "23_Brut_738_1": 0.0, "24_Cr_738_1": 1.5, "25_TVA_738_1": 0.6666666666666666, "26_%_738_1": 1.0, "27_5,47_738_1": 0.5, "28_Carte_738_1": 0.0, "29_Bancaire_738_1": 0.0, "30_5,47_738_1": 1.0, "31_TOTAL_738_1": 0.0, "32_1,49_738_1": 0.25, "33_TURQUOISE_738_1": 0.0, "34_50_738_1": 0.0, "35_GOBELETS_738_1": 0.0, "36_PS_738_1": 0.0, "37_1,99_738_1": 0.25, "38_33*33_738_1": 0.2, "39_40_738_1": 1.0, "40_SERVIETTES_738_1": 0.3, "41_IMPRIMEES_738_1": 0.4444444444444444, "42_PAPIER_738_1": 0.3333333333333333, "43_1,99_738_1": 0.25, "44_A/LIEN_738_1": 0.16666666666666666, "45_10_738_1": 0.0, "46_SACS_738_1": 0.0, "47_POUBELLE_738_1": 0.25, "48_50L_738_1": 0.3333333333333333, "0_Parking_X51005288570_1": 0.0, "1_Fee_X51005288570_1": 0.3333333333333333, "2_RM_X51005288570_1": 0.5, "3_CASH_X51005288570_1": 0.0, "4_OF_X51005288570_1": 0.5, "5_PAYMENT:_X51005288570_1": 0.125, "6_KIND_X51005288570_1": 0.0, "7_0:00:28_X51005288570_1": 0.14285714285714285, "8_-DUR._X51005288570_1": 0.0, "9_:_X51005288570_1": 1.0, "10_D:HH:MM_X51005288570_1": 0.42857142857142855, "11_PARK_X51005288570_1": 0.0, "12_15:27_X51005288570_1": 0.4, "13_23.03.18_X51005288570_1": 0.0, "14_EXIT_X51005288570_1": 0.0, "15_TIME:_X51005288570_1": 0.0, "16_14:59_X51005288570_1": 0.0, "17_23.03.18_X51005288570_1": 0.25, "18_ENTRY_X51005288570_1": 0.0, "19_TIME:_X51005288570_1": 0.6, "20_Receipt_X51005288570_1": 0.0, "21_Number:_X51005288570_1": 0.0, "0_AVANTAGES_472_3": 0.1111111111111111, "1_JOUR_472_3": 0.25, "2_-7.09\u20ac_472_3": 0.3333333333333333, "3_TOTAL_472_3": 0.0, "4_DES_472_3": 0.0, "5_IHHEDIATES_472_3": 0.1, "6_-7.09\u20ac_472_3": 0.6666666666666666, "7_TOTAL_472_3": 0.0, "8_REMISES_472_3": 0.14285714285714285, "9_(S)_472_3": 0.6666666666666666, "10_RENISES_472_3": 0.0, "11_122.39\u20ac_472_3": 0.2857142857142857, "12_ARTICLE_472_3": 0.0, "13_TOTAL_472_3": 0.8, "14_AVANT_472_3": 0.2, "15_37_472_3": 1.0, "16_27.07\u20ac_472_3": 0.3333333333333333, "17_/_472_3": 1.0, "18_/_472_3": 1.0, "19_TOTAL_472_3": 0.0, "20_BEAUTE_472_3": 0.0, "21_SANTE_472_3": 0.2, "22_HYGIENE_472_3": 0.42857142857142855, "23_PAMPERS_472_3": 0.14285714285714285, "24_30.25\u20ac_472_3": 0.0, "25_X86_472_3": 0.0, "26_T4_472_3": 1.0, "27_BD_472_3": 1.0, "28_1.07\u20ac_472_3": 0.4, "29_EPONGES_472_3": 0.0, "30_TAMPON_472_3": 0.16666666666666666, "31_R_472_3": 0.0, "32_4_472_3": 1.0, "33_TOTAL_472_3": 0.0, "34_ALIMENTAIRE_472_3": 0.2727272727272727, "35_99.23\u20ac_472_3": 0.0, "36_QUI_472_3": 1.0, "37_RIT X_472_3": 0.8, "38_3.35\u20ac_472_3": 0.4, "39_32_472_3": 0.5, "40_*VACHE_472_3": 0.16666666666666666, "41_0.91\u20ac_472_3": 0.4, "42_BANANE_472_3": 0.16666666666666666, "43_P.PRIX_472_3": 0.0, "44_*ST_472_3": 0.3333333333333333, "45_BANANE_472_3": 0.0, "46_1.05\u20ac_472_3": 0.4, "47_*ST_472_3": 1.0, "48_P.PRIX_472_3": 0.16666666666666666, "49_0.73\u20ac_472_3": 0.4, "50_BANANE_472_3": 0.16666666666666666, "51_*ST_472_3": 1.0, "52_P.PRIX_472_3": 0.0, "0_vraiment_709_2": 0.0, "1_vous_709_2": 0.0, "2_c'est_709_2": 0.0, "3_achats_709_2": 0.0, "4_Continuez_709_2": 0.1111111111111111, "5_vos_709_2": 0.0, "6_sur:_709_2": 0.0, "7_son_709_2": 0.0, "8_emballage_709_2": 0.1111111111111111, "9_d'origine._709_2": 0.1, "10_porte_709_2": 0.0, "11_caisse_709_2": 0.0, "12_d'un_709_2": 0.0, "13_article_709_2": 0.0, "14_non_709_2": 0.0, "15_dans_709_2": 0.0, "16_presentation_709_2": 0.08333333333333333, "17_du_709_2": 0.0, "18_ticket_709_2": 0.0, "19_de_709_2": 0.0, "20_et_709_2": 0.0, "21_sur_709_2": 0.0, "22_Echange_709_2": 0.0, "23_jours_709_2": 0.0, "24_ou_709_2": 0.0, "25_sous_709_2": 0.25, "26_30_709_2": 0.0, "0_*PEREN_370_1": 0.3333333333333333, "1_CAMPAGNE._370_1": 0.2222222222222222, "2_1.99\u20ac_370_1": 0.6, "3_*HOZZA_370_1": 1.0, "4_ELLA_370_1": 0.0, "5_BIO_370_1": 0.6666666666666666, "6_CRF_370_1": 0.3333333333333333, "7_2x_370_1": 1.5, "8_1.17_370_1": 0.0, "9_2.34\u20ac_370_1": 0.4, "10_*HINI_370_1": 0.4, "11_AUCIS.NAT.MA_370_1": 0.5, "12_3.01\u20ac_370_1": 0.4, "13_PANADILLAS_370_1": 0.1, "14_*KIT_370_1": 0.25, "15_6.22_370_1": 0.0, "16_2x_370_1": 0.5, "17_12.44\u20ac_370_1": 0.5, "18_0.2171_370_1": 1.0, "19_15.80\u20ac_370_1": 0.3333333333333333, "20_x_370_1": 0.0, "21_CO_370_1": 1.5, "22_RDF_370_1": 0.0, "23_3.43\u20ac_370_1": 0.4, "24_*KG_370_1": 1.0, "25_TE_370_1": 0.0, "26_*GRIGN_370_1": 0.3333333333333333, "27_T.PLT_370_1": 1.0, "28_NATURE_370_1": 0.0, "29_2.77\u20ac_370_1": 0.4, "30_*GRIGN_370_1": 0.16666666666666666, "31_T.PLT_370_1": 0.0, "32_BARBEC_370_1": 0.0, "33_2.88\u20ac_370_1": 0.4, "34_BLCX6SF_370_1": 0.14285714285714285, "35_6.36\u20ac_370_1": 0.4, "36_*FILET_370_1": 0.0, "37_PLT_370_1": 0.0, "38_4.55\u20ac_370_1": 0.4, "39_ULET_370_1": 0.0, "40_BLANC_370_1": 0.2, "41_*ESC.P_370_1": 0.3333333333333333, "42_0.175kg_370_1": 0.14285714285714285, "43_3.50\u20ac/kg_370_1": 0.125, "44_x_370_1": 0.0, "45_0.61\u20ac_370_1": 0.4, "46_*CITRO_370_1": 0.16666666666666666, "47_JAUNE_370_1": 0.0, "48_3.54e_370_1": 0.4, "49_*4X_370_1": 0.0, "50_MA_370_1": 1.0, "51_NUM_370_1": 0.6666666666666666, "52_FRAISE_370_1": 0.0, "53_2.34\u20ac_370_1": 0.4, "54_*350G_370_1": 0.6, "55_OULOHMIERS_370_1": 0.3, "56_1.00\u20ac_370_1": 0.4, "57_250_370_1": 0.0, "58_BAGUETTE_370_1": 0.0, "59_CRF_370_1": 0.3333333333333333, "60_R_370_1": 0.0, "0_DESCRIPTION_97_0": 0.0, "1_QTE_97_0": 0.0, "2_MONTANT_97_0": 0.42857142857142855, "3_:_97_0": 1.0, "4_Tel_97_0": 0.0, "5_17000_97_0": 0.0, "6_LA_97_0": 0.0, "7_ROCHELLE_97_0": 0.0, "8_33_97_0": 0.0, "9_RUE_97_0": 0.0, "10_DE_97_0": 0.0, "11_LA_97_0": 0.0, "12_SCIERIE_97_0": 0.0, "13_ROCHELLE_97_0": 0.0, "14_CRF-CITY_97_0": 0.0, "15_LA_97_0": 0.5, "0_GRAPPE_399_1": 0.0, "1_*TCMATI_399_1": 0.7142857142857143, "2_1.92\u20ac_399_1": 0.4, "3_*TAMPA_399_1": 0.5, "4_COMPAK_399_1": 0.0, "5_SUP._399_1": 0.0, "6_3.81\u20ac_399_1": 0.4, "7_JAUNE_399_1": 0.0, "8_*OIGNO_399_1": 0.5, "9_FLT_399_1": 0.0, "10_1KG_399_1": 0.3333333333333333, "11_1.40\u20ac_399_1": 0.4, "12_0.540kg_399_1": 0.0, "13_1.50\u20ac/kg_399_1": 0.125, "14_x_399_1": 0.0, "15_*COURGETTE_399_1": 0.2, "16_0.81e_399_1": 0.4, "17_0.960kg_399_1": 0.14285714285714285, "18_1.20\u20ac/kg_399_1": 0.125, "19_x_399_1": 0.0, "20_*CAROTTE_399_1": 0.375, "21_1.15\u20ac_399_1": 0.4, "22_*BISC._399_1": 0.0, "23_OJA_399_1": 1.0, "24_ORANGE_399_1": 0.16666666666666666, "25_2.04\u20ac_399_1": 0.4, "26_0.675kg_399_1": 0.14285714285714285, "27_1.95\u20ac/kg_399_1": 0.0, "28_x_399_1": 0.0, "29_*BANANE_399_1": 0.14285714285714285, "30_1.32\u20ac_399_1": 0.4, "31_0.285kg_399_1": 0.0, "32_1.95\u20ac/kg_399_1": 0.375, "33_x_399_1": 0.0, "34_*AUBERGINE_399_1": 0.3, "35_0.56\u20ac_399_1": 0.4, "36_*6_399_1": 1.0, "37_OEU_399_1": 0.0, "38_PLEIN_399_1": 0.4, "39_AIR_399_1": 0.0, "40_G_399_1": 1.0, "41_1.75\u20ac_399_1": 0.4, "42_QTE_399_1": 0.0, "43_DESCRIPTION_399_1": 0.09090909090909091, "44_MONTANT_399_1": 0.14285714285714285, "0_0.06_X51005361912_2": 0.0, "1_1.00_X51005361912_2": 0.0, "2_TOTAL_X51005361912_2": 0.0, "3_:_X51005361912_2": 1.0, "4_0.06_X51005361912_2": 0.25, "5_1.00_X51005361912_2": 0.0, "6_6.00_X51005361912_2": 0.0, "7_SR_X51005361912_2": 0.0, "8_(RM)_X51005361912_2": 0.0, "9_(RM)_X51005361912_2": 0.0, "10_SODE_X51005361912_2": 0.25, "11_TAKh_X51005361912_2": 0.5, "12_TAKh_X51005361912_2": 0.5, "13_AMOUNT_X51005361912_2": 0.0, "14_GST_X51005361912_2": 0.0, "15_SUMMARY_X51005361912_2": 0.0, "16_0.00_X51005361912_2": 0.0, "17_CHANGE_X51005361912_2": 0.0, "18_1.05_X51005361912_2": 0.0, "19_CASH_X51005361912_2": 0.0, "0_ _receipt_00055_0": 5.0, "0_EGG_receipt_00720_0": 0.0, "1_TEMPURA_receipt_00720_0": 0.5714285714285714, "2_8,182_receipt_00720_0": 0.6, "3_1_receipt_00720_0": 2.0, "4_GREEN_receipt_00720_0": 0.2, "5_BEAN_receipt_00720_0": 0.75, "6_KAKIAGE_receipt_00720_0": 0.0, "7_10,000_receipt_00720_0": 0.5, "8_1_receipt_00720_0": 1.0, "9_(ORIGINAL)_receipt_00720_0": 0.0, "10_ABURA_receipt_00720_0": 1.0, "11_40,909_receipt_00720_0": 0.16666666666666666, "12_UDON_receipt_00720_0": 1.0, "13_1_receipt_00720_0": 1.0, "14_(HOT)_receipt_00720_0": 0.6, "15_ON_receipt_00720_0": 1.0, "16_TAMA_receipt_00720_0": 0.0, "17_UDON_receipt_00720_0": 1.0, "18_37,273_receipt_00720_0": 0.3333333333333333, "19_1_receipt_00720_0": 1.0, "20_CARBONARA_receipt_00720_0": 1.0, "21_49,091_receipt_00720_0": 0.16666666666666666, "22_UDON_receipt_00720_0": 0.75, "23_1_receipt_00720_0": 1.0, "0_3.07\u20ac_478_1": 0.4, "1_1.75\u20ac_478_1": 0.4, "2_0.75\u20ac_478_1": 0.4, "3_1.93\u20ac_478_1": 0.6, "4_DONUTS_478_1": 0.0, "5_CHOCO_478_1": 0.8, "6_TCRO_478_1": 0.5, "7_DOUCEUR_478_1": 0.0, "8_ITAL_478_1": 1.0, "9_KNORR_478_1": 0.0, "10_HAL_478_1": 0.0, "11_ESCALOP_478_1": 0.0, "12_DDE_478_1": 0.0, "13_KG_478_1": 0.5, "14_MERLAN_478_1": 0.3333333333333333, "15_FILET_478_1": 0.0, "16_2.24_478_1": 0.5, "17_BAN/F_478_1": 0.2, "18_*DANAO_478_1": 0.16666666666666666, "19_ORANGE_478_1": 0.0, "20_0.63\u20ac_478_1": 0.4, "21_EXTRA_478_1": 0.0, "22_*CAROTTE_478_1": 0.125, "23_2.49\u20ac_478_1": 0.4, "24_POM/FRAM_478_1": 0.375, "25_*900ML_478_1": 0.3333333333333333, "26_JUS_478_1": 0.6666666666666666, "27_1.30\u20ac_478_1": 0.4, "28_FRAI_478_1": 0.25, "29_SAV_478_1": 0.3333333333333333, "30_YAB_478_1": 0.0, "31_*850G_478_1": 0.4, "32_1.74\u20ac_478_1": 0.4, "33_COMPLIC_478_1": 0.0, "34_*200G_478_1": 0.2, "35_COEUR_478_1": 0.0, "0_BIENTOT_19_2": 0.0, "1_MERCI_19_2": 0.0, "2_DE_19_2": 0.0, "3_VOTRE_19_2": 0.0, "4_VISITE_19_2": 0.0, "5_03_19_2": 0.0, "6_003_19_2": 0.0, "7_000120_19_2": 0.0, "8_24/08/2016_19_2": 0.1, "9_12:02:48_19_2": 0.0, "0_GRAND TOTAL_receipt_00391_0": 0.18181818181818182, "1_17,000_receipt_00391_0": 0.16666666666666666, "2_SUB TOTAL_receipt_00391_0": 0.1111111111111111, "3_17,000_receipt_00391_0": 0.16666666666666666, "4_1_receipt_00391_0": 1.0, "5_17,000_receipt_00391_0": 0.0, "6_17,000_receipt_00391_0": 0.3333333333333333, "0_:_386_0": 1.0, "1_Tel_386_0": 0.0, "2_17000_386_0": 0.0, "3_LA_386_0": 0.5, "4_ROCHELLE_386_0": 0.0, "5_RUE_386_0": 0.0, "6_33_386_0": 0.0, "7_DE_386_0": 0.0, "8_LA_386_0": 0.5, "9_SCIERIE_386_0": 0.0, "10_CRF-CITY_386_0": 0.0, "11_ROCHELLE_386_0": 0.0, "12_LA_386_0": 0.0, "0_51,999_receipt_00106_1": 0.0, "1_Change:_receipt_00106_1": 0.14285714285714285, "2_100,000_receipt_00106_1": 0.0, "3_cash:_receipt_00106_1": 0.4, "4_Total:_receipt_00106_1": 0.16666666666666666, "5_4,364_receipt_00106_1": 0.4, "6_PB1:_receipt_00106_1": 0.5, "7_43,637_receipt_00106_1": 0.3333333333333333, "8_SubTotal:_receipt_00106_1": 0.2222222222222222, "9_Crepes_receipt_00106_1": 0.16666666666666666, "10_15,455_receipt_00106_1": 0.0, "11_1_receipt_00106_1": 2.0, "12_Roast_receipt_00106_1": 0.2, "13_Beef_receipt_00106_1": 0.5, "14_28,182_receipt_00106_1": 0.16666666666666666, "15_BanCheese_receipt_00106_1": 0.1111111111111111, "16_1_receipt_00106_1": 2.0, "17_Toblerone_receipt_00106_1": 0.1111111111111111, "0_:_187_1": 0.0, "1_Carte_187_1": 0.0, "2_Monnaie_187_1": 0.0, "3_-13.14\u20ac_187_1": 0.2857142857142857, "4_Votre_187_1": 0.0, "5_20.00\u20ac_187_1": 0.3333333333333333, "6_ESPECES_187_1": 0.0, "7_EUR_187_1": 0.0, "8_(S)_187_1": 0.6666666666666666, "9_ARTICLE_187_1": 0.0, "10_TOTAL_187_1": 0.0, "11_A_187_1": 0.0, "12_PAYER_187_1": 0.0, "13_6.86\u20ac_187_1": 0.0, "14_3_187_1": 0.0, "15_OSEILLE/RIZ_187_1": 0.0, "16_4.18\u20ac_187_1": 0.4, "17_*SAUMON_187_1": 0.14285714285714285, "18_CHOC_187_1": 0.0, "19_80%_187_1": 0.0, "20_1.08\u20ac_187_1": 0.4, "21_*80G_187_1": 0.75, "22_NOIR_187_1": 0.0, "23_RAPE_187_1": 0.0, "24_BI_187_1": 0.0, "25_1.60\u20ac_187_1": 0.4, "26_*200G_187_1": 0.4, "27_CAROTTE_187_1": 0.0, "0_ITEMS_receipt_00745_1": 0.0, "1_PURCHASED:_receipt_00745_1": 0.2, "2_1_receipt_00745_1": 1.0, "3_Hero_receipt_00745_1": 0.25, "4_Total_receipt_00745_1": 0.2, "5_3,400_receipt_00745_1": 0.0, "6_CHANGE_receipt_00745_1": 0.16666666666666666, "7_DUE_receipt_00745_1": 0.6666666666666666, "8_600_receipt_00745_1": 0.3333333333333333, "9_CASH_receipt_00745_1": 1.0, "10_4,000_receipt_00745_1": 0.4, "11_3,400_receipt_00745_1": 0.6, "12_SUBTOTAL_receipt_00745_1": 0.25, "13_3,400_receipt_00745_1": 0.4, "14_GUARDIAN_receipt_00745_1": 0.125, "15_3041906_receipt_00745_1": 0.14285714285714285, "16_F/TISUE_receipt_00745_1": 0.2857142857142857, "0_A_398_2": 0.0, "1_BIENTOT_398_2": 0.0, "0_49,500_receipt_00399_1": 0.16666666666666666, "1_GOPAY_receipt_00399_1": 0.0, "2_49,500_receipt_00399_1": 0.0, "3_Total_receipt_00399_1": 0.2, "4_4,500_receipt_00399_1": 0.0, "5_Tax_receipt_00399_1": 0.3333333333333333, "6_45,000_receipt_00399_1": 0.16666666666666666, "7_Subtotal_receipt_00399_1": 0.125, "0_DESCRIPTION_554_0": 0.0, "1_QTE_554_0": 0.6666666666666666, "2_MONTANT_554_0": 0.2857142857142857, "3_Tel_554_0": 0.0, "4_45000_554_0": 0.0, "5_ORLEANS_554_0": 0.0, "6_1,_554_0": 1.0, "7_RUE_554_0": 0.0, "8_DU_554_0": 0.5, "9_GRENIER_554_0": 0.0, "10_A_554_0": 0.0, "11_SEL_554_0": 0.0, "12_CARREFOUR_554_0": 0.0, "13_CITY_554_0": 0.0, "14_ORLEANS_554_0": 0.0, "0_SUB_receipt_00228_0": 1.0, "1_TOTAL_receipt_00228_0": 0.0, "2_17,000_receipt_00228_0": 0.16666666666666666, "3_1_receipt_00228_0": 0.0, "4_17,000_receipt_00228_0": 0.0, "5_17,000_receipt_00228_0": 0.0, "6_TRIPPLE_receipt_00228_0": 0.0, "7_CHEESE_receipt_00228_0": 0.0, "0_DISCOUNT_receipt_00689_0": 0.125, "1_-_receipt_00689_0": 0.0, "2_SUBTOTAL_receipt_00689_0": 0.0, "3_24.000_receipt_00689_0": 0.0, "4_2.000_receipt_00689_0": 0.0, "5_2.000_receipt_00689_0": 0.0, "6_1_receipt_00689_0": 1.0, "7_Tawar_receipt_00689_0": 0.0, "8_Tawar_receipt_00689_0": 0.0, "9_ateh_receipt_00689_0": 0.0, "10_ateh_receipt_00689_0": 0.0, "11_22.000_receipt_00689_0": 0.0, "12_22.000_receipt_00689_0": 0.16666666666666666, "13_1_receipt_00689_0": 0.0, "14_DADA_receipt_00689_0": 0.0, "15_DADA_receipt_00689_0": 0.0, "0_DE_649_3": 0.0, "1_VOTRE_649_3": 0.0, "2_MAGASIN_649_3": 0.14285714285714285, "3_CARTE_649_3": 0.0, "4_AVEC_649_3": 0.0, "5_LA_649_3": 0.0, "6_PLUS_649_3": 0.0, "7_ET_649_3": 0.0, "8_TOUJOURS_649_3": 0.0, "9_DE_649_3": 0.0, "10_VOTRE_649_3": 0.0, "11_VISITE_649_3": 0.0, "12_NOUS_649_3": 0.0, "0_CARD2_receipt_00555_0": 1.2, "1_90.000_receipt_00555_0": 1.0, "2_3_receipt_00555_0": 1.0, "3_Total_receipt_00555_0": 0.0, "4_1_receipt_00555_0": 1.0, "5_UP_receipt_00555_0": 1.0, "6_Orange_receipt_00555_0": 0.6666666666666666, "7_16_receipt_00555_0": 1.0, "8_2.000_receipt_00555_0": 0.2, "9_2.000_receipt_00555_0": 0.0, "10_UP_receipt_00555_0": 2.0, "11_1_receipt_00555_0": 0.0, "12_Drink_receipt_00555_0": 0.8, "13_16_receipt_00555_0": 1.0, "14_0_receipt_00555_0": 1.0, "15_0_receipt_00555_0": 0.0, "16_DL+GA+FF+R+2RB_receipt_00555_0": 0.9285714285714286, "17_88.000_receipt_00555_0": 0.3333333333333333, "18_88.000_receipt_00555_0": 0.16666666666666666, "0_ _receipt_00714_0": 2.0, "0_DESCRIPTION_114_0": 0.18181818181818182, "1_QTE_114_0": 0.3333333333333333, "2_MONTANT_114_0": 0.2857142857142857, "3_:_114_0": 1.0, "4_Tel_114_0": 0.0, "5_17000_114_0": 0.0, "6_LA_114_0": 0.0, "7_ROCHELLE_114_0": 0.0, "8_33_114_0": 0.0, "9_RUE_114_0": 0.0, "10_DE_114_0": 0.0, "11_LA_114_0": 0.0, "12_SCIERIE_114_0": 0.0, "13_CRF-CITY_114_0": 0.0, "14_LA_114_0": 0.0, "15_ROCHELLE_114_0": 0.0, "0_Change:_receipt_00021_1": 0.2857142857142857, "1_6.000_receipt_00021_1": 0.4, "2_50.000_receipt_00021_1": 0.16666666666666666, "3_Tendered:_receipt_00021_1": 0.1111111111111111, "4_Cash_receipt_00021_1": 0.25, "5_44.000_receipt_00021_1": 0.16666666666666666, "6_Total._receipt_00021_1": 0.3333333333333333, "7_Total_receipt_00021_1": 0.0, "8_Item:_receipt_00021_1": 0.6, "9_3_receipt_00021_1": 1.0, "10_0_receipt_00021_1": 1.0, "11_x1_receipt_00021_1": 1.0, "12_0_receipt_00021_1": 1.0, "13_Bag_receipt_00021_1": 0.3333333333333333, "14_Medium_receipt_00021_1": 0.6666666666666666, "15_6002-Plastic_receipt_00021_1": 0.4166666666666667, "16_22.000_receipt_00021_1": 0.3333333333333333, "17_22.000_receipt_00021_1": 0.3333333333333333, "18_x1_receipt_00021_1": 1.0, "19_Toast_receipt_00021_1": 0.2, "20_Milk_receipt_00021_1": 0.25, "21_2001-Hokkaido_receipt_00021_1": 0.6923076923076923, "22_22.000_receipt_00021_1": 0.16666666666666666, "23_x1_receipt_00021_1": 1.0, "24_22.000_receipt_00021_1": 0.16666666666666666, "25_1001-Choco_receipt_00021_1": 0.5, "26_Bun_receipt_00021_1": 0.6666666666666666, "0_2_receipt_00578_0": 0.0, "1_TWIST_receipt_00578_0": 0.6, "2_DONUT_receipt_00578_0": 1.0, "3_18,000_receipt_00578_0": 0.0, "4_1_receipt_00578_0": 1.0, "5_SAM_receipt_00578_0": 1.0, "6_DA_receipt_00578_0": 0.5, "7_S00_receipt_00578_0": 1.3333333333333333, "8_MINERAL_receipt_00578_0": 0.2857142857142857, "9_16,000_receipt_00578_0": 0.0, "10_WATER_receipt_00578_0": 0.0, "0_sur_636_2": 0.0, "1_cultura.com_636_2": 0.0, "2_24/24_636_2": 0.0, "3_Retrouvez_636_2": 0.0, "4_nos_636_2": 0.0, "5_offres_636_2": 0.0, "6_6000_636_2": 0.0, "7_7410_636_2": 0.0, "8_7001_636_2": 0.0, "9_1056_636_2": 0.0, "10_60_636_2": 0.0, "11_:_636_2": 1.0, "12_110566_636_2": 0.0, "13_19:12:37_636_2": 0.0, "14_TICKET_636_2": 0.0, "15_22/06/2017_636_2": 0.0, "16_CAISSE_636_2": 0.0, "17_073_636_2": 0.0, "18_07_636_2": 0.0, "19_LE_636_2": 0.0, "0_ _receipt_00341_0": 2.0, "0_12:00:37_304_1": 0.0, "1_19/06/2016_304_1": 0.0, "2_0008_304_1": 1.0, "3_003_304_1": 0.0, "4_000116_304_1": 0.0, "5_EMV_304_1": 0.0, "6_EUR_304_1": 0.0, "7_15.82\u20ac_304_1": 0.3333333333333333, "8_CARTE_304_1": 0.0, "9_BANCAIRE_304_1": 0.125, "10_AITICLE(S)_304_1": 0.1, "11_15.82\u20ac_304_1": 0.3333333333333333, "12_TOTAL_304_1": 0.8, "13_A_304_1": 1.0, "14_PAYER_304_1": 0.0, "15_0.10\u20ac_304_1": 0.4, "16_*SAC_304_1": 0.25, "17_ISSE_304_1": 0.0, "18_PAPIER_304_1": 0.0, "19_3.42\u20ac_304_1": 0.4, "20_XCONES_304_1": 0.16666666666666666, "21_EXTREME_304_1": 0.14285714285714285, "22_CAFE_304_1": 0.0, "23_5.50\u20ac_304_1": 0.4, "24_OEUF_304_1": 0.0, "25_*BUDDHI_304_1": 0.2857142857142857, "26_BOL_304_1": 0.0, "27_3.84\u20ac_304_1": 0.6, "28_EVIAN_304_1": 0.2, "29_*BRUMI_304_1": 0.5, "30_ATEUR_304_1": 0.0, "31_1.96\u20ac_304_1": 0.4, "32_LIG.BB_304_1": 1.0, "33_FRESH_304_1": 0.0, "34_*72_304_1": 0.6666666666666666, "35_*_304_1": 1.0, "36_1.00\u20ac_304_1": 0.4, "37_BAGUETTE_304_1": 0.0, "38_CRF_304_1": 0.3333333333333333, "39_250_304_1": 0.0, "40_R_304_1": 1.0, "41_QTE_304_1": 0.0, "42_MONTANT_304_1": 0.2857142857142857, "43_DESCRIPTION_304_1": 0.09090909090909091, "0_Merci_682_5": 0.4, "1_de_682_5": 0.0, "2_votre_682_5": 0.6, "3_visite._682_5": 0.0, "4_A_682_5": 0.0, "5_bientot._682_5": 0.375, "6_le_682_5": 1.0, "7_sanedi_682_5": 0.16666666666666666, "8_9h_682_5": 0.5, "9_20h_682_5": 0.0, "10_le_682_5": 0.5, "11_vendredi_682_5": 0.125, "12_9h_682_5": 0.5, "13_21h_682_5": 0.0, "0_TOTAL_receipt_00525_0": 0.0, "1_17,000_receipt_00525_0": 0.16666666666666666, "2_1_receipt_00525_0": 1.0, "3_17,000_receipt_00525_0": 0.0, "4_17,000_receipt_00525_0": 0.0, "5_TRIPPLE_receipt_00525_0": 0.0, "6_CHEESE_receipt_00525_0": 0.0, "0_Tel_342_0": 0.0, "1_17000_342_0": 0.0, "2_LA_342_0": 0.0, "3_ROCHELLE_342_0": 0.0, "4_33_342_0": 0.0, "5_RUE_342_0": 0.0, "6_DE_342_0": 0.0, "7_LA_342_0": 0.0, "8_SCIERIE_342_0": 0.0, "9_CRF-CITY_342_0": 0.0, "10_ROCHELLE_342_0": 0.0, "11_LA_342_0": 0.0, "0_km..017_786_0": 0.14285714285714285, "1_O_786_0": 1.0, "2_27_786_0": 0.0, "3_Date..._786_0": 0.0, "4_N_786_0": 4.0, "5_RECU_786_0": 0.0, "6_84107_786_0": 0.0, "7_CEDEX_786_0": 0.4, "8_ORANGE_786_0": 0.0, "9_BP198_786_0": 0.0, "0_\u20ac_689_0": 1.0, "1_3,50_689_0": 0.25, "2_*2_689_0": 1.0, "3_Clafouti_689_0": 0.0, "4_tom_689_0": 0.0, "5_\u20ac_689_0": 0.0, "6_350g_689_0": 0.0, "7_3,30_689_0": 0.0, "8_*C.ricotta_689_0": 0.1, "9_\u20ac_689_0": 0.0, "10_6,50_689_0": 0.25, "11_min-moelleux_689_0": 0.0, "12_12_689_0": 0.0, "13_\u20ac_689_0": 1.0, "14_L'enseigne_689_0": 0.5, "15_preferee_689_0": 0.0, "16_Francais_689_0": 0.0, "17_des_689_0": 0.0, "18_0546917475_689_0": 0.0, "19_17100_689_0": 0.0, "20_SAINTES_689_0": 0.0, "21_52_689_0": 0.0, "22_COURS_689_0": 0.0, "23_LECLERC_689_0": 0.0, "24_DU_689_0": 1.0, "25_MAR._689_0": 0.25, "26_419_689_0": 0.0, "27_PICARD_689_0": 0.0, "28_SURGELES_689_0": 0.0, "29_SAS_689_0": 0.0, "0_Kembalian_receipt_00143_1": 0.1111111111111111, "1_60.200_receipt_00143_1": 0.0, "2_102.000_receipt_00143_1": 0.0, "3_CASH_receipt_00143_1": 0.0, "4_41.800_receipt_00143_1": 0.0, "5_Total_receipt_00143_1": 0.2, "6_Pajak_receipt_00143_1": 0.2, "7_3.800_receipt_00143_1": 0.0, "8_Subtotal_receipt_00143_1": 0.0, "9_38.000_receipt_00143_1": 0.0, "10_1_receipt_00143_1": 1.0, "11_38.000_receipt_00143_1": 0.0, "12_Iced_receipt_00143_1": 0.5, "13_Mochaccino_receipt_00143_1": 0.2, "0_MERCI_361_1": 0.0, "1_DE_361_1": 0.0, "2_VOTRE_361_1": 0.0, "3_VISITE_361_1": 0.0, "4_0001_361_1": 0.0, "5_000246_361_1": 0.16666666666666666, "6_26/06/2017_361_1": 0.0, "7_004_361_1": 1.0, "8_13:23:13_361_1": 0.0, "9_Votre_361_1": 0.0, "10_Monnaie_361_1": 0.0, "11_-0.48\u20ac_361_1": 0.3333333333333333, "12_ESPECES_361_1": 0.0, "13_EUR_361_1": 0.0, "14_2.00\u20ac_361_1": 0.4, "15_1_361_1": 1.0, "16_PAYER_361_1": 0.0, "17_ARTICLE(S)_361_1": 0.0, "18_TOTAL_361_1": 0.2, "19_A_361_1": 1.0, "20_1.52e_361_1": 0.4, "21_0.435kg_361_1": 0.14285714285714285, "22_3.50\u20ac/kg_361_1": 0.25, "23_x_361_1": 0.0, "24_*ABRICOT_361_1": 0.0, "25_PETIT_361_1": 1.0, "26_1.52\u20ac_361_1": 0.4, "27_QTE_361_1": 1.0, "28_DESCRIPTION_361_1": 0.0, "29_MONTANT_361_1": 0.2857142857142857, "0_A_487_2": 0.0, "1_BIENTOT_487_2": 0.0, "2_Vous_487_2": 0.0, "3_remercie_487_2": 0.0, "4_de_487_2": 0.0, "5_votre_487_2": 0.0, "6_visite_487_2": 0.0, "7_CARREFOUR_487_2": 0.0, "8_MARKET_487_2": 0.0, "9_AYTRE_487_2": 0.0, "10_echange_487_2": 0.0, "11_repris_487_2": 0.0, "12_Solde_487_2": 0.0, "13_ni_487_2": 0.0, "14_ni_487_2": 0.0, "15_0114_487_2": 0.0, "16_011_487_2": 1.0, "17_000340_487_2": 0.0, "18_23/03/2017_487_2": 0.0, "19_18:48:54_487_2": 0.0, "20_Carte_487_2": 0.0, "21_:_487_2": 1.0, "22_CARTE_487_2": 0.0, "23_BANCAIRE_487_2": 0.0, "24_EMV_487_2": 0.0, "25_EUR_487_2": 0.0, "26_32.44\u20ac_487_2": 0.3333333333333333, "0_ _receipt_00652_0": 1.0, "0_BIENTOT_53_2": 0.0, "0_:_140_0": 1.0, "1_Tel_140_0": 0.0, "2_17000_140_0": 0.0, "3_LA_140_0": 0.0, "4_ROCHELLE_140_0": 0.0, "5_33_140_0": 0.5, "6_RUE_140_0": 0.0, "7_DE_140_0": 0.0, "8_LA_140_0": 0.0, "9_SCIERIE_140_0": 0.0, "10_CRF-CITY_140_0": 0.0, "11_ROCHELLE_140_0": 0.0, "12_LA_140_0": 0.5, "0_BIENTOT_448_2": 0.0, "1_A_448_2": 0.0, "2_DE_448_2": 0.0, "3_VISITE_448_2": 0.0, "4_VOTRE_448_2": 0.0, "5_MERCI_448_2": 0.2, "0_QTE_546_0": 0.3333333333333333, "1_MONTANT_546_0": 0.2857142857142857, "2_DESCRIPTION_546_0": 0.0, "3_:_546_0": 1.0, "4_Tel_546_0": 0.0, "5_45000_546_0": 0.0, "6_ORLEANS_546_0": 0.0, "7_1,_546_0": 1.0, "8_GRENIER_546_0": 0.0, "9_A_546_0": 0.0, "10_SEL_546_0": 0.0, "11_RUE_546_0": 0.0, "12_DU_546_0": 1.0, "13_CARREFOUR_546_0": 0.0, "14_CITY_546_0": 0.0, "15_ORLEANS_546_0": 0.0, "0_Menu_receipt_00744_0": 0.25, "1_3_receipt_00744_0": 1.0, "2_Total_receipt_00744_0": 0.0, "3_Red Velvet S_receipt_00744_0": 0.16666666666666666, "4_36,360_receipt_00744_0": 0.3333333333333333, "5_1_receipt_00744_0": 1.0, "6_Vanilla SLC_receipt_00744_0": 0.2727272727272727, "7_61,818_receipt_00744_0": 0.0, "8_2_receipt_00744_0": 0.0, "0_599,955_receipt_00036_1": 0.0, "1_TOTAL_receipt_00036_1": 0.0, "2_0_receipt_00036_1": 1.0, "3_Discount_receipt_00036_1": 0.0, "4_54,255_receipt_00036_1": 0.0, "5_Tax_receipt_00036_1": 0.0, "6_35,700_receipt_00036_1": 0.0, "7_Service_receipt_00036_1": 0.0, "8_Sub_receipt_00036_1": 0.0, "9_510,000_receipt_00036_1": 0.0, "10_Total_receipt_00036_1": 0.0, "11_N_receipt_00036_1": 0.0, "0_CASH_receipt_00310_0": 0.0, "1_770,000_receipt_00310_0": 0.0, "2_TL_receipt_00310_0": 1.5, "3_770,000_receipt_00310_0": 0.2857142857142857, "4_HONEY_receipt_00310_0": 0.0, "5_MANUKA_receipt_00310_0": 0.0, "6_385,000_receipt_00310_0": 0.14285714285714285, "7_2X_receipt_00310_0": 0.0, "0_DESCRIPTION_201_0": 0.0, "1_ATE_201_0": 0.3333333333333333, "2_NONTANT_201_0": 0.14285714285714285, "3_Tel_201_0": 0.0, "4_17000_201_0": 0.0, "5_LA_201_0": 0.0, "6_ROCHELLE_201_0": 0.0, "7_CDT_201_0": 1.0, "8_MOTTE_201_0": 0.0, "9_ROUGE_201_0": 0.0, "10_SARL_201_0": 0.0, "11_DISTRIBUTION_201_0": 0.0, "12_MONTER_201_0": 0.0, "0_12,99_770_0": 0.0, "1_-12,99_770_0": 1.0, "2_SF_770_0": 1.0, "3_2000_770_0": 0.0, "4_R_770_0": 1.0, "5_T_770_0": 0.0, "6_1_770_0": 0.0, "7_TVA_770_0": 0.0, "8_S S_770_0": 0.6666666666666666, "9_P_770_0": 1.0, "10_UN_770_0": 0.0, "11_PRIX/U_770_0": 0.16666666666666666, "12_TOTAL_770_0": 0.0, "13_1277_770_0": 0.5, "14_313353_770_0": 0.16666666666666666, "15_01_770_0": 0.5, "16_Trans:_770_0": 0.16666666666666666, "17_375599_770_0": 0.6666666666666666, "18_59405_770_0": 0.4, "19_14/01/2017_770_0": 0.0, "20_16:16_770_0": 0.0, "21_:_770_0": 1.0, "22_Telephone_770_0": 0.0, "23_ZARA_770_0": 0.25, "24_LA_770_0": 0.5, "25_ROCHELLE_770_0": 0.0, "26_-_770_0": 1.0, "27_348_770_0": 0.0, "28_991_770_0": 0.3333333333333333, "29_555_770_0": 0.0, "0_CASH_receipt_00698_1": 0.0, "1_23,000_receipt_00698_1": 0.0, "0_05/05/2017_665_0": 0.0, "1_Date_665_0": 0.0, "2_Ticket:_665_0": 0.0, "3_12:28:30_665_0": 0.0, "4_:_665_0": 1.0, "5_/_665_0": 1.0, "6_Ticket_665_0": 0.0, "7_5079112_665_0": 0.0, "8_0_665_0": 0.0, "9_Ticket_665_0": 0.0, "10_de_665_0": 0.0, "11_la_665_0": 0.0, "12_caisse_665_0": 0.0, "13_:_665_0": 2.0, "14_N_665_0": 0.0, "15_3_665_0": 1.0, "16_Impression_665_0": 0.0, "17_:_665_0": 1.0, "18_Date_665_0": 0.0, "19_05/05/2017_665_0": 0.0, "20_12:29:08_665_0": 0.0, "21_Impression_665_0": 0.0, "22_sur_665_0": 0.0, "23_Caisse_665_0": 0.0, "24_N_665_0": 0.0, "25_3_665_0": 1.0, "26_30_665_0": 0.5, "27_133_665_0": 0.0, "28_LES_665_0": 0.0, "29_ANGLES_665_0": 0.0, "30_RUE_665_0": 0.0, "31_DE_665_0": 0.0, "32_LA_665_0": 0.5, "33_TRAMONTANE_665_0": 0.0, "34_GRAND_665_0": 0.0, "35_ANGLE_665_0": 0.0, "36_pour_665_0": 0.0, "37_SATORIZ_665_0": 0.14285714285714285, "38_Le_665_0": 0.0, "39_bio_665_0": 0.0, "40_tous_665_0": 0.0, "0_NECTARINE_106_1": 0.4444444444444444, "1_A_106_1": 0.0, "2_CHAIR_106_1": 0.2, "3_JA_106_1": 1.0, "4_3.22\u20ac_106_1": 0.4, "5_MOZZARELLA_106_1": 0.5, "6_CRF_106_1": 0.0, "7_2x_106_1": 1.0, "8_0.32_106_1": 0.25, "9_1.64\u20ac_106_1": 0.4, "10_MELON_106_1": 0.4, "11_CHARENTAIS_106_1": 0.0, "12_PET_106_1": 0.3333333333333333, "13_2.20\u20ac_106_1": 0.4, "14_GALETIE_106_1": 0.0, "15_QUINOA_106_1": 0.16666666666666666, "16_TOM_106_1": 0.3333333333333333, "17_2.81\u20ac_106_1": 0.4, "18_EHMENI_106_1": 0.3333333333333333, "19_AL_106_1": 0.0, "20_RAPE_106_1": 0.0, "21_100G_106_1": 0.25, "22_2x_106_1": 1.0, "23_0.97_106_1": 0.75, "24_1.94\u20ac_106_1": 0.4, "25_CONCOP_106_1": 0.16666666666666666, "26_BRE_106_1": 0.0, "27_1.10\u20ac_106_1": 0.4, "28_BISC.IT_106_1": 0.0, "29_DEJ.CRF_106_1": 0.14285714285714285, "30_1.64\u20ac_106_1": 0.4, "31_BETTEI_106_1": 0.16666666666666666, "32_AVE_106_1": 0.3333333333333333, "33_S/V_106_1": 0.6666666666666666, "34_250G_106_1": 0.25, "35_1.10\u20ac_106_1": 0.4, "36_6X_106_1": 1.0, "37_OEN_106_1": 0.6666666666666666, "38_FS_106_1": 0.0, "39_PPA_106_1": 0.0, "40_FQC_106_1": 0.6666666666666666, "41_1.96\u20ac_106_1": 0.4, "42_6T_106_1": 0.5, "43_BOr_106_1": 0.3333333333333333, "44_PARIS_106_1": 0.2, "45_ETOUF_106_1": 0.0, "46_3.53\u20ac_106_1": 0.4, "47_500G_106_1": 0.25, "48_MIE_106_1": 0.3333333333333333, "49_FAIN_106_1": 1.0, "50_DE_106_1": 0.0, "51_1.20\u20ac_106_1": 0.4, "52_500G_106_1": 0.25, "53_(RUESLI_106_1": 0.0, "54_CHOCO_106_1": 0.0, "55_2.53\u20ac_106_1": 0.4, "56_LA_106_1": 1.0, "57_1L_106_1": 1.0, "58_T_106_1": 1.0, "59_ECREME_106_1": 0.16666666666666666, "60_3x_106_1": 0.5, "61_0.93_106_1": 0.25, "62_2.796_106_1": 0.4, "63_250_106_1": 0.3333333333333333, "64_BAGUETTE_106_1": 0.0, "65_(R_106_1": 1.0, "66_CRF_106_1": 0.0, "67_1.00\u20ac_106_1": 0.0, "0_A_429_2": 0.0, "1_BIENTOT_429_2": 0.0, "0_CREM_668_1": 0.0, "1_FOUETTE_668_1": 0.0, "2_1.43\u20ac_668_1": 0.4, "3_CREMERIE_668_1": 0.0, "4_LS_668_1": 1.0, "5_>>_668_1": 0.0, "6_POM_668_1": 0.0, "7_RISSOLEE_668_1": 0.0, "8_0.88\u20ac_668_1": 0.4, "9_SURGELES_668_1": 0.0, "10_>>_668_1": 0.0, "11_SAVON_668_1": 0.0, "12_RECTANGLE_668_1": 0.0, "13_PATC_668_1": 0.0, "14_1.73\u20ac_668_1": 0.4, "15_MOUCHOIRS_668_1": 0.0, "16_1.99\u20ac_668_1": 0.4, "17_MOUCHOIR_668_1": 0.0, "18_0.98\u20ac_668_1": 0.4, "19_SHAMPOOING_668_1": 0.0, "20_2.05\u20ac_668_1": 0.4, "21_DOUCHE_668_1": 0.0, "22_1.99\u20ac_668_1": 0.4, "23_GEL_668_1": 0.0, "24_2.99\u20ac_668_1": 0.4, "25_DENTIFRICE_668_1": 0.0, "26_BROSSE_668_1": 0.0, "27_DENTS_668_1": 0.0, "28_1.89\u20ac_668_1": 0.6, "29_1.55\u20ac_668_1": 0.4, "30_BROSSE_668_1": 0.0, "31_DENTS_668_1": 0.0, "32_D.H.P_668_1": 0.0, "33_KELLOGGS_668_1": 0.0, "34_FROSTIES400_668_1": 0.0, "35_2.25\u20ac_668_1": 0.4, "36_S/GLU_668_1": 0.2, "37_PALET_668_1": 0.0, "38_3.05\u20ac_668_1": 0.4, "39_PEP_668_1": 0.0, "40_CHOC_668_1": 0.0, "0_3.000_receipt_00342_1": 0.2, "1_Change:_receipt_00342_1": 0.0, "2_50.000_receipt_00342_1": 0.3333333333333333, "3_Tendered:_receipt_00342_1": 0.0, "4_Cash_receipt_00342_1": 0.0, "5_47.000_receipt_00342_1": 0.16666666666666666, "6_Total._receipt_00342_1": 0.0, "7_3_receipt_00342_1": 0.0, "8_Item:_receipt_00342_1": 0.4, "9_Total_receipt_00342_1": 0.0, "10_0_receipt_00342_1": 2.0, "11_0_receipt_00342_1": 1.0, "12_x1_receipt_00342_1": 1.0, "13_Bag_receipt_00342_1": 0.0, "14_6002-Plastic_receipt_00342_1": 0.0, "15_Medium_receipt_00342_1": 0.3333333333333333, "16_25.000_receipt_00342_1": 0.16666666666666666, "17_25.000_receipt_00342_1": 0.16666666666666666, "18_x1_receipt_00342_1": 1.0, "19_4005-Maple_receipt_00342_1": 0.1, "20_glazed_receipt_00342_1": 0.16666666666666666, "0_ _receipt_00101_0": 4.0, "0_24,000_receipt_00789_1": 0.6666666666666666, "1_Debit_receipt_00789_1": 0.8, "2_Card:_receipt_00789_1": 1.0, "3_2,182_receipt_00789_1": 0.6, "4_PB1:_receipt_00789_1": 0.75, "5_21,818_receipt_00789_1": 0.3333333333333333, "6_SubTotal:_receipt_00789_1": 0.4444444444444444, "7_21,818_receipt_00789_1": 0.3333333333333333, "8_NuTea_receipt_00789_1": 0.2, "9_1_receipt_00789_1": 1.0, "10_SmokeBeef_receipt_00789_1": 0.4444444444444444, "11_+_receipt_00789_1": 1.0, "0_BIENTOT_345_1": 0.0, "1_MERCI_345_1": 0.0, "2_DE_345_1": 0.0, "3_VOTRE_345_1": 0.0, "4_VISITE_345_1": 0.0, "5_004_345_1": 0.0, "6_000096_345_1": 0.0, "7_08/06/2017_345_1": 0.0, "8_11:51:54_345_1": 0.0, "9_0001_345_1": 0.0, "10_SANS_345_1": 0.0, "11_CONTACT_345_1": 0.0, "12_EUR_345_1": 0.0, "13_5.98\u20ac_345_1": 0.4, "14_CB_345_1": 0.0, "15_EMV_345_1": 0.3333333333333333, "16_(S)_345_1": 1.0, "17_3_345_1": 0.0, "18_ARTICLE_345_1": 0.0, "19_TOTAL_345_1": 0.4, "20_A_345_1": 0.0, "21_PAYER_345_1": 0.0, "22_5.98\u20ac_345_1": 0.4, "23_*TABOULE_345_1": 0.125, "24_POULET_345_1": 0.0, "25_ROT_345_1": 0.0, "26_2.17\u20ac_345_1": 0.2, "27_CHOCOLAT_345_1": 0.0, "28_3.11e_345_1": 0.4, "29_*HOUSSE_345_1": 0.0, "30_AU_345_1": 0.5, "31_*CAROT.RAP.CRF_345_1": 0.21428571428571427, "32_300G_345_1": 0.25, "33_0.70\u20ac_345_1": 0.4, "0_DESCRIPTION_227_0": 0.18181818181818182, "1_QTE_227_0": 1.0, "2_MONTANT_227_0": 1.0, "3_Gargot_227_0": 0.0, "4_Aytre._227_0": 0.3333333333333333, "5_Rue_227_0": 0.0, "6_Nicolas_227_0": 0.0, "7_17440_227_0": 0.0, "8_Dimanche_227_0": 0.0, "9_9h_227_0": 0.5, "10_a_227_0": 1.0, "11_12h30_227_0": 0.0, "12_Lundi_227_0": 0.0, "13_au_227_0": 0.0, "14_9h_227_0": 1.0, "15_a_227_0": 0.0, "16_20h00_227_0": 0.0, "17_Samedi_227_0": 0.0, "18_de_227_0": 0.0, "19_Tel_227_0": 0.0, "20_0546457320_227_0": 0.0, "21_Carrefour_227_0": 0.0, "22_market_227_0": 0.0, "23_AYTRE_227_0": 0.0, "0_Details:_54_2": 0.0, "1_fidelite_54_2": 0.0, "2_compte_54_2": 0.0, "3_votre_54_2": 0.0, "4_Carrefour._54_2": 0.0, "5_auriez_54_2": 0.0, "6_vous_54_2": 0.0, "7_cumule_54_2": 0.0, "8_0.47\u20ac_54_2": 0.4, "9_sur_54_2": 0.0, "10_fidelite,_54_2": 0.0, "11_aviez_54_2": 0.0, "12_la_54_2": 0.0, "13_carte_54_2": 0.0, "14_CARTE_54_2": 0.0, "15_BANCAIRE_54_2": 0.0, "16_EMV_54_2": 0.0, "17_EUR_54_2": 0.0, "18_26.74\u20ac_54_2": 0.3333333333333333, "19_(S)_54_2": 0.6666666666666666, "20_18_54_2": 0.0, "21_ARTICLE_54_2": 0.0, "22_TOTAL_54_2": 0.0, "23_A_54_2": 0.0, "24_PAYER_54_2": 0.0, "25_26.74\u20ac_54_2": 0.5, "26_HURE/HY_54_2": 0.0, "27_*TAILLEFINE_54_2": 0.2727272727272727, "28_1.56\u20ac_54_2": 0.0, "29_*SAC_54_2": 0.0, "30_POIGN_54_2": 0.2, "31_0.15\u20ac_54_2": 0.4, "32_*MINIBABY_54_2": 0.1111111111111111, "33_X12_54_2": 0.0, "34_3.99\u20ac_54_2": 0.4, "0_A_81_1": 0.0, "1_BIENTOT_81_1": 0.0, "2_MERCI_81_1": 0.0, "3_DE_81_1": 0.0, "4_VOTRE_81_1": 0.0, "5_VISITE_81_1": 0.0, "6_0005_81_1": 0.5, "7_003_81_1": 0.0, "8_000097_81_1": 0.0, "9_19/12/2016_81_1": 0.0, "10_11:52:13_81_1": 0.0, "11_CB_81_1": 0.5, "12_EMV_81_1": 0.0, "13_SANS_81_1": 0.0, "14_CONTACT_81_1": 0.0, "15_EUR_81_1": 0.0, "16_6.93\u20ac_81_1": 0.4, "17_3_81_1": 0.0, "18_ANTICLE_81_1": 0.2857142857142857, "19_(S)_81_1": 0.6666666666666666, "20_TOTAL_81_1": 0.0, "21_A_81_1": 0.0, "22_PAYER_81_1": 0.0, "23_6.93\u20ac_81_1": 0.4, "24_*VACHE_81_1": 0.3333333333333333, "25_A_81_1": 1.0, "26_BOIRE_81_1": 0.0, "27_VANI_81_1": 0.25, "28_1.99\u20ac_81_1": 0.6, "29_POM/PEC/_81_1": 0.125, "30_*DESS.IRTS_81_1": 0.3, "31_1.68e_81_1": 0.4, "32_*COUSCI_81_1": 0.14285714285714285, "33_US_81_1": 1.0, "34_440G_81_1": 0.25, "35_CRF_81_1": 0.3333333333333333, "36_3.26\u20ac_81_1": 0.4, "0_TOTAL_492_1": 0.0, "1_ALIMENTAIRE_492_1": 0.18181818181818182, "2_23.93\u20ac_492_1": 0.3333333333333333, "3_*VOLAILLE_492_1": 0.3333333333333333, "4_BOEUF_492_1": 0.0, "5_500_492_1": 0.0, "6_2.55\u20ac_492_1": 0.4, "7_SARDINE_492_1": 0.0, "8_ATLANTIQUE_492_1": 0.0, "9_1.97\u20ac_492_1": 0.4, "10_*PANIER_492_1": 0.14285714285714285, "11_STD_492_1": 0.0, "12_EXOTIQ._492_1": 0.2857142857142857, "13_2.35\u20ac_492_1": 0.4, "14_*HFP_492_1": 0.25, "15_FRAISE_492_1": 0.16666666666666666, "16_GOURMAN_492_1": 0.2857142857142857, "17_2.34\u20ac_492_1": 0.4, "18_KG_492_1": 0.5, "19_POULET_492_1": 0.0, "20_HALAL_492_1": 0.0, "21_BL_492_1": 0.0, "22_5.73\u20ac_492_1": 0.4, "23_GRUAU_492_1": 0.0, "24_FARINE_492_1": 0.3333333333333333, "25_BLE_492_1": 0.0, "26_D_492_1": 1.0, "27_1.10\u20ac_492_1": 0.4, "28_*850ML_492_1": 0.5, "29_POIS_492_1": 0.0, "30_CHICHES_492_1": 0.0, "31_0.85\u20ac_492_1": 0.4, "32_500G_492_1": 0.25, "33_GOUTER_492_1": 0.0, "34_FOURRE_492_1": 0.0, "35_0.87\u20ac_492_1": 0.4, "36_*250G_492_1": 0.4, "37_CAMEMBERT_492_1": 0.2222222222222222, "38_2x_492_1": 1.0, "39_1.00_492_1": 0.0, "40_2.00\u20ac_492_1": 0.4, "41_HUILE_492_1": 0.0, "42_1L_492_1": 0.5, "43_TOURNESOL_492_1": 0.1111111111111111, "44_1.38\u20ac_492_1": 0.4, "45_10X_492_1": 0.3333333333333333, "46_OEUFS_492_1": 0.0, "47_FRAIS_492_1": 0.2, "48_1.01\u20ac_492_1": 0.4, "49_*1/5_492_1": 0.5, "50_THON_492_1": 0.0, "51_ENTIER_492_1": 0.0, "52_2x_492_1": 1.0, "53_0.89_492_1": 0.0, "54_1.78\u20ac_492_1": 0.4, "0_ _receipt_00207_0": 3.0, "0_@_X51005268262_1": 0.0, "1_15.00_X51005268262_1": 0.0, "2_0.90_X51005268262_1": 0.25, "3_6%_X51005268262_1": 0.0, "4_SR_X51005268262_1": 0.0, "5_(RM)_X51005268262_1": 0.0, "6_Summary_X51005268262_1": 0.14285714285714285, "7_(RM)_X51005268262_1": 0.25, "8_Amount_X51005268262_1": 0.0, "9_Tax_X51005268262_1": 0.3333333333333333, "10_Item(s):_X51005268262_1": 0.5, "11_Total_X51005268262_1": 0.0, "12_1_X51005268262_1": 0.0, "13_Change_X51005268262_1": 0.0, "14_Due_X51005268262_1": 0.3333333333333333, "15_34.10_X51005268262_1": 0.0, "16_:_X51005268262_1": 1.0, "17_:_X51005268262_1": 1.0, "18_Payment_X51005268262_1": 0.0, "19_50.00_X51005268262_1": 0.0, "20_Rounded_X51005268262_1": 0.0, "21_15.90_X51005268262_1": 0.0, "22_Amt_X51005268262_1": 0.0, "23_Total_X51005268262_1": 0.0, "24_GST_X51005268262_1": 0.3333333333333333, "25_15.90_X51005268262_1": 0.2, "26_Total_X51005268262_1": 0.0, "27_Incl._X51005268262_1": 0.0, "28_of_X51005268262_1": 0.0, "29_GST_X51005268262_1": 0.0, "30_15.00_X51005268262_1": 0.0, "31_Total_X51005268262_1": 0.0, "32_Excl._X51005268262_1": 0.2, "33_of_X51005268262_1": 0.0, "34_:_X51005268262_1": 1.0, "35_Subtotat_X51005268262_1": 0.125, "36_15.90_X51005268262_1": 0.0, "37_15.90_X51005268262_1": 0.0, "38_15.90_X51005268262_1": 0.0, "39_SR_X51005268262_1": 0.0, "40_1.00_X51005268262_1": 0.0, "41_M.ONE_X51005268262_1": 0.0, "42_TAPE_X51005268262_1": 0.0, "43_24MMX7Y_X51005268262_1": 0.2857142857142857, "0_F.Rest_receipt_00054_0": 0.3333333333333333, "1_10_receipt_00054_0": 0.0, "2_2,636_receipt_00054_0": 1.0, "3_%_receipt_00054_0": 1.0, "4_Sub_receipt_00054_0": 0.3333333333333333, "5_Total_receipt_00054_0": 0.2, "6_26,364_receipt_00054_0": 0.16666666666666666, "7_Rice_receipt_00054_0": 0.25, "8_1_receipt_00054_0": 1.0, "9_6,364_receipt_00054_0": 0.6, "10_Winger_receipt_00054_0": 1.0, "11_KFC_receipt_00054_0": 0.6666666666666666, "12_HC_receipt_00054_0": 1.0, "13_1_receipt_00054_0": 2.0, "14_20,000_receipt_00054_0": 0.0, "0_VOUS_577_2": 0.75, "1_REMERCIE_577_2": 0.0, "2_DE_577_2": 0.0, "3_VOTRE_577_2": 0.0, "4_VISITE_577_2": 0.0, "5_TOUTE_577_2": 0.0, "6_L'EQUIPE_577_2": 0.125, "7_DE_577_2": 0.0, "8_MARKET_577_2": 0.0, "9_0103_577_2": 0.25, "10_001_577_2": 0.3333333333333333, "11_000344_577_2": 0.0, "12_13/02/2017_577_2": 0.0, "13_19:02:21_577_2": 0.125, "14_(*)_577_2": 0.3333333333333333, "15_Eligibles_577_2": 0.0, "16_Articles_577_2": 0.0, "17_aux_577_2": 0.0, "18_TR_577_2": 0.0, "19_8.94\u20ac_577_2": 0.4, "20_Carte_577_2": 0.0, "21_:_577_2": 1.0, "0_0114_222_1": 0.25, "1_000198_222_1": 0.0, "2_12:17:23_222_1": 0.0, "3_003_222_1": 0.0, "4_01/02/2017_222_1": 0.0, "5_CB_222_1": 0.5, "6_EMV_222_1": 0.0, "7_SANS_222_1": 0.0, "8_CONTACT_222_1": 0.0, "9_EUR_222_1": 0.0, "10_14.48\u20ac_222_1": 0.3333333333333333, "11_ARTICLE(S)_222_1": 0.0, "12_TOTAL_222_1": 0.0, "13_A_222_1": 0.0, "14_PAYER_222_1": 0.0, "15_14.48\u20ac_222_1": 0.3333333333333333, "16_TOTAL_222_1": 0.2, "17_ALIMENTAIRE_222_1": 0.0, "18_14.48\u20ac_222_1": 0.3333333333333333, "19_*VIENNOIS_222_1": 0.3333333333333333, "20_CHOCOLAT_222_1": 0.0, "21_3.44\u20ac_222_1": 0.4, "22_*PETIT_222_1": 0.0, "23_POIS_222_1": 0.0, "24_CAROTTE_222_1": 0.0, "25_0.76\u20ac_222_1": 0.4, "26_*P.SUISS.GERVAIS_222_1": 0.0625, "27_0.99\u20ac_222_1": 0.4, "28_X6_222_1": 0.5, "29_CREME_222_1": 0.0, "30_FRAICHE_222_1": 0.0, "31_20%_222_1": 0.3333333333333333, "32_1.60\u20ac_222_1": 0.4, "33_AIGUIL.PLT_222_1": 0.0, "34_JNE_222_1": 0.3333333333333333, "35_CRF_222_1": 0.0, "36_3.19\u20ac_222_1": 0.4, "37_2.75\u20ac_222_1": 0.4, "38_*8X100G_222_1": 0.2857142857142857, "39_GERVITA_222_1": 0.14285714285714285, "40_NAT_222_1": 0.6666666666666666, "41_250G_222_1": 0.25, "42_PL_222_1": 0.0, "43_BEUR_222_1": 0.0, "44_AOP_222_1": 0.3333333333333333, "45_1.75\u20ac_222_1": 0.4, "0_par_256_3": 0.0, "1_operation_256_3": 0.0, "2_Vignette(s)_256_3": 0.0, "0_T.V.A.20%_648_1": 0.0, "1_0.00_648_1": 0.0, "2_0.00_648_1": 0.0, "3_6.50_648_1": 0.0, "4_Profiterole_648_1": 0.0, "5_1_648_1": 0.0, "6_27.80_648_1": 0.0, "7_Norm_648_1": 0.0, "8_Pomme_648_1": 0.0, "9_2_648_1": 0.0, "10_Carre_648_1": 0.0, "11_15.20_648_1": 0.0, "12_Saumon_648_1": 0.0, "13_Frites_648_1": 0.0, "14_1_648_1": 0.0, "15_Dos_648_1": 0.3333333333333333, "16_Reimprimee_648_1": 0.0, "17_***_648_1": 1.0, "18_***_648_1": 1.0, "19_20:37_648_1": 0.0, "20_12Mar'17_648_1": 0.0, "21_28/1_648_1": 0.0, "22_Tbl_648_1": 0.3333333333333333, "23_Cts_648_1": 0.0, "24_3_648_1": 1.0, "25_Fct_648_1": 0.3333333333333333, "26_1888_648_1": 0.5, "27_LUCIE_648_1": 0.0, "28_10_648_1": 0.0, "29_370_648_1": 0.6666666666666666, "30_SIRET_648_1": 0.0, "31_753_648_1": 0.0, "32_859_648_1": 1.0, "33_:_648_1": 1.0, "34_0546442010_648_1": 0.0, "35_Tel_648_1": 0.0, "0_Customer_receipt_00447_1": 0.0, "1_Change:_receipt_00447_1": 0.14285714285714285, "2_Rp 21000.00_receipt_00447_1": 0.2727272727272727, "3_Customer_receipt_00447_1": 0.0, "4_Paid_receipt_00447_1": 0.0, "5_Rp 50000.00_receipt_00447_1": 0.2727272727272727, "6_Cash:_receipt_00447_1": 0.0, "7_Total:_receipt_00447_1": 0.0, "8_Rp 29000.00_receipt_00447_1": 0.09090909090909091, "9_Subtotal:_receipt_00447_1": 0.0, "10_Rp 29000.00_receipt_00447_1": 0.18181818181818182, "11_Pc_receipt_00447_1": 0.5, "12_*1_receipt_00447_1": 1.0, "13_Cheese_receipt_00447_1": 0.0, "14_Tart_receipt_00447_1": 0.0, "15_Rp 29000.00_receipt_00447_1": 0.09090909090909091, "0_Water_receipt_00729_0": 0.2, "1_Mineral_receipt_00729_0": 0.2857142857142857, "2_6,364_receipt_00729_0": 1.0, "3_1_receipt_00729_0": 1.0, "0_12/01/2017_768_1": 0.0, "1_33585_768_1": 0.0, "2_16:57_768_1": 0.0, "3_Vendeur_768_1": 0.0, "4_LARO2_768_1": 0.2, "5_Nous_768_1": 0.0, "6_vous_768_1": 0.0, "7_remercions_768_1": 0.0, "8_de_768_1": 0.0, "9_votre_768_1": 0.0, "10_visite_768_1": 0.0, "11_:_768_1": 1.0, "12_Monna_768_1": 0.0, "13_ie_768_1": 0.0, "14_7.00_768_1": 0.0, "15_Especes_768_1": 0.0, "16_10.65_768_1": 0.0, "17_Comptant_768_1": 0.0, "18_ESPECES_768_1": 0.0, "19_3.65_768_1": 0.0, "20_Paiements_768_1": 0.0, "21_**_768_1": 1.5, "22_**_768_1": 1.0, "23_==>_768_1": 0.6666666666666666, "24_article(s)_768_1": 0.0, "25_2.000_768_1": 0.0, "26_TVA_768_1": 0.0, "27_5.5%_768_1": 0.0, "28_5.500%_768_1": 0.0, "29_0.19_768_1": 0.5, "30_Sous_768_1": 0.0, "31_Total_768_1": 0.0, "32_3.46_768_1": 0.0, "0_ _receipt_00511_0": 10.0, "0_BCA_receipt_00396_1": 0.3333333333333333, "1_Debit:_receipt_00396_1": 0.3333333333333333, "2_Rp 0.00_receipt_00396_1": 0.2857142857142857, "3_Customer_receipt_00396_1": 0.25, "4_Paid_receipt_00396_1": 0.25, "5_BCA_receipt_00396_1": 0.3333333333333333, "6_Debit:_receipt_00396_1": 0.16666666666666666, "7_Rp 58000.00_receipt_00396_1": 0.2727272727272727, "8_Total:_receipt_00396_1": 0.3333333333333333, "9_Rp 58000.00_receipt_00396_1": 0.2727272727272727, "10_Subtotal:_receipt_00396_1": 0.2222222222222222, "11_Rp 58000.00_receipt_00396_1": 0.36363636363636365, "12_PS_receipt_00396_1": 1.0, "13_Carrier_receipt_00396_1": 0.2857142857142857, "14_Bag-S_receipt_00396_1": 0.0, "15_*2_receipt_00396_1": 1.0, "16_Pcs_receipt_00396_1": 0.6666666666666666, "17_Cheese_receipt_00396_1": 0.3333333333333333, "18_Tart_receipt_00396_1": 0.25, "19_Rp 58000.00_receipt_00396_1": 0.45454545454545453, "0_Qty_receipt_00563_1": 0.3333333333333333, "1_7_receipt_00563_1": 0.0, "2_Total_receipt_00563_1": 0.0, "3_Total_receipt_00563_1": 0.6, "4_Item_receipt_00563_1": 0.25, "5_7_receipt_00563_1": 1.0, "6_34,091_receipt_00563_1": 0.0, "7_PB1_receipt_00563_1": 0.3333333333333333, "8_340,909_receipt_00563_1": 0.0, "9_Subtotal_receipt_00563_1": 0.0, "10_31,818_receipt_00563_1": 0.0, "11_Canele_receipt_00563_1": 0.0, "12_(Mini)_receipt_00563_1": 0.16666666666666666, "13_1_receipt_00563_1": 1.0, "14_72,727_receipt_00563_1": 0.16666666666666666, "15_Caesar_receipt_00563_1": 0.0, "16_Salad_receipt_00563_1": 0.0, "17_1_receipt_00563_1": 0.0, "18_87,273_receipt_00563_1": 0.0, "19_1_receipt_00563_1": 0.0, "20_Mme_receipt_00563_1": 0.6666666666666666, "21_Beef_receipt_00563_1": 0.0, "22_Croque_receipt_00563_1": 0.0, "23_Mme._receipt_00563_1": 0.5, "24_0_receipt_00563_1": 0.0, "25_1_receipt_00563_1": 0.0, "26_Juice_receipt_00563_1": 0.0, "27_36,364_receipt_00563_1": 0.0, "28_Lemon_receipt_00563_1": 0.0, "29_1_receipt_00563_1": 1.0, "0_Kembali_receipt_00247_1": 0.2857142857142857, "1_0_receipt_00247_1": 0.0, "0_ _receipt_00257_0": 2.0, "0_!_X00016469612_2": 1.0, "1_PLEASE_X00016469612_2": 0.0, "2_COME_X00016469612_2": 0.25, "3_AGAIN_X00016469612_2": 0.4, "4_THANK_X00016469612_2": 0.0, "5_YOU_X00016469612_2": 0.0, "6_EXCHANGEABLE_X00016469612_2": 0.0, "7_RETURNABLE_X00016469612_2": 0.2, "8_GR_X00016469612_2": 1.0, "9_GOODS_X00016469612_2": 0.2, "10_SOLD_X00016469612_2": 0.25, "11_ARE_X00016469612_2": 0.0, "12_NOT_X00016469612_2": 0.0, "13_CHANGE_X00016469612_2": 0.0, "0_obtenus:_758_1": 0.125, "1_avantages_758_1": 0.0, "2_des_758_1": 0.0, "3_Detail_758_1": 0.0, "4_E.Leclerc_758_1": 0.1111111111111111, "5_la_758_1": 0.5, "6_carte_758_1": 0.0, "7_Avec_758_1": 0.0, "8_5.44_758_1": 0.0, "9_4.53_758_1": 0.25, "10_0.91_758_1": 0.0, "11_20%00_758_1": 0.2, "12_5_758_1": 0.0, "13_TTC_758_1": 1.0, "14_TVA_758_1": 1.0, "15_HT_758_1": 0.5, "16_Code_758_1": 0.0, "17_0.56_758_1": 0.0, "18_Rendu_758_1": 0.0, "19_6.00_758_1": 0.25, "20_Especes_758_1": 0.0, "21_5.44_758_1": 0.0, "22_Total_758_1": 0.2, "23_articles_758_1": 0.0, "24_8_758_1": 0.0, "25_5.44_758_1": 0.0, "26_5_758_1": 0.0, "27_X_758_1": 0.0, "28_0.68EUR_758_1": 0.0, "29_8_758_1": 0.0, "30_*_758_1": 1.0, "31_THON/CREVETTE_758_1": 0.0, "32_80G_758_1": 0.6666666666666666, "33_LYCAT_758_1": 0.8, "34_EXQUIS_758_1": 0.16666666666666666, "0_1_receipt_00708_0": 2.0, "1_MAYO_receipt_00708_0": 0.5, "2_BEEF_receipt_00708_0": 0.25, "3_BRUSCTA_receipt_00708_0": 0.14285714285714285, "4_DEL_receipt_00708_0": 0.0, "5_1_receipt_00708_0": 1.0, "6_BREAD_receipt_00708_0": 0.0, "7_N_receipt_00708_0": 1.0, "8_CHEESE_receipt_00708_0": 0.16666666666666666, "9_DEL_receipt_00708_0": 0.0, "10_PAKET_receipt_00708_0": 0.4, "11_BER4_receipt_00708_0": 0.25, "12_1_receipt_00708_0": 1.0, "13_UP2_receipt_00708_0": 1.0, "14_149,091_receipt_00708_0": 0.0, "0_NI_791_3": 0.0, "1_ECHANGES_791_3": 0.0, "2_LES_791_3": 0.3333333333333333, "3_SOLDES_791_3": 0.0, "4_NE_791_3": 0.0, "5_SONT_791_3": 0.0, "6_NI_791_3": 0.0, "7_REPRISES_791_3": 0.0, "8_DIMANCHE_791_3": 0.0, "9_9H-12H30_791_3": 0.125, "10_DU_791_3": 0.5, "11_LUNDI_791_3": 0.0, "12_AU_791_3": 0.5, "13_SAMEDI_791_3": 0.16666666666666666, "14_9H-19H30_791_3": 0.125, "15_HORAIRES_791_3": 0.125, "16_D'OUVERTURE_791_3": 0.0, "17_CE_791_3": 0.0, "18_TICKET_791_3": 0.0, "19_VAUT_791_3": 0.0, "20_BON_791_3": 0.0, "21_DE_791_3": 0.0, "22_GARANTIE_791_3": 0.125, "23_MERCI_791_3": 0.0, "24_DE_791_3": 0.0, "25_VOTRE_791_3": 0.0, "26_VISITE_791_3": 0.0, "27_ET_791_3": 0.0, "28_A_791_3": 0.0, "29_BIENTOT_791_3": 0.0, "30_TO059_791_3": 0.2, "31_M01321_791_3": 0.0, "32_C014_791_3": 0.75, "33_01003_791_3": 0.0, "34_12:35:06_791_3": 0.0, "0_20,00_791_1": 0.0, "1_EUR_791_1": 0.0, "2_ESPECES_791_1": 0.0, "3_EUR_791_1": 0.0, "4_10,_791_1": 0.0, "5_78_791_1": 1.0, "6_MONTANT_791_1": 0.0, "7_DU_791_1": 1.5, "8_2,18_791_1": 0.0, "9_EUR_791_1": 0.0, "10_A_791_1": 0.0, "11_PAYSAN_791_1": 0.0, "12_POIVRE_791_1": 0.16666666666666666, "13_FOUET_791_1": 0.0, "14_1,37_791_1": 0.25, "15_EUR_791_1": 0.0, "16_A_791_1": 0.0, "17_CHIPS_791_1": 0.0, "18_CUIT_791_1": 0.25, "19_FOU_791_1": 0.6666666666666666, "20_LAY'S_791_1": 0.2, "21_ON_791_1": 0.0, "22_4,49_791_1": 0.0, "23_EUR_791_1": 0.0, "24_B_791_1": 0.0, "25_MOJITO_791_1": 0.0, "26_COCKT._791_1": 0.16666666666666666, "27_OFF_791_1": 0.0, "28_0,49_791_1": 0.25, "29_EUR_791_1": 0.0, "30_A_791_1": 0.0, "31_CRUE_791_1": 0.0, "32_/_791_1": 1.0, "33_250G_791_1": 0.25, "34_BAGUETTE_791_1": 0.0, "35_2,25_791_1": 0.25, "36_EUR_791_1": 0.0, "37_A_791_1": 0.0, "38_CHEV_791_1": 0.0, "39_ST_791_1": 0.0, "40_V_791_1": 1.0, "41_PSDT_791_1": 0.0, "42_BUCHE_791_1": 0.0, "43_!_791_1": 2.0, "44_NOUVELLE_791_1": 0.0, "45_GENERATION_791_1": 0.0, "46_INTERMARCHE_791_1": 0.0, "47_VOTRE_791_1": 0.0, "48_BIENVENUE_791_1": 0.0, "49_DANS_791_1": 0.0, "50_:_791_1": 1.0, "51_TEL_791_1": 0.0, "52_ROCHELLE_791_1": 0.0, "53_LA_791_1": 0.0, "54_17000_791_1": 0.0, "55_SALINES_791_1": 0.0, "56_VILLENEUVE_791_1": 0.0, "57_LES_791_1": 0.3333333333333333, "58_AV._791_1": 0.3333333333333333, "59_JUILLET_791_1": 0.0, "60_DU_791_1": 1.0, "61_14_791_1": 0.0, "0_MERCI_410_1": 0.0, "1_DE_410_1": 0.0, "2_VOTRE_410_1": 0.0, "3_VISITE_410_1": 0.0, "4_0011_410_1": 1.0, "5_003_410_1": 0.0, "6_28/04/2017_410_1": 0.0, "7_000022_410_1": 0.0, "8_11:53:43_410_1": 0.0, "9_CB_410_1": 0.5, "10_ENV_410_1": 0.6666666666666666, "11_SANS_410_1": 0.0, "12_CONTACT_410_1": 0.0, "13_EUR_410_1": 0.0, "14_8.05\u20ac_410_1": 0.4, "15_ARTICLE(S)_410_1": 0.2, "16_3_410_1": 0.0, "17_TOTAL_410_1": 0.0, "18_A_410_1": 0.0, "19_PAYER_410_1": 0.0, "20_8.05\u20ac_410_1": 0.4, "21_*SLD_410_1": 0.75, "22_M_410_1": 1.0, "23_LI_410_1": 1.0, "24_HELO_410_1": 0.0, "25_250G_410_1": 0.25, "26_2.07\u20ac_410_1": 0.4, "27_+SDU_410_1": 1.0, "28_JBN_410_1": 0.3333333333333333, "29_CHEDDA_410_1": 0.0, "30_TII_410_1": 1.0, "31_1.56\u20ac_410_1": 0.0, "32_*PIM'S_410_1": 0.3333333333333333, "33_FRAMBOISE_410_1": 0.1111111111111111, "34_LU_410_1": 0.5, "35_4.42\u20ac_410_1": 0.4, "0_par_235_2": 0.0, "1_operation_235_2": 0.0, "2_Vignette(s)_235_2": 0.0, "3_cumule_235_2": 0.0, "4_1.0_235_2": 0.0, "5_Bravo_235_2": 0.2, "6_vous_235_2": 0.0, "7_avez_235_2": 0.0, "8_BIENTOT_235_2": 0.0, "9_remercie_235_2": 0.0, "10_de_235_2": 0.0, "11_votre_235_2": 0.0, "12_visite_235_2": 0.0, "13_Vous_235_2": 0.0, "14_CARREFOUR_235_2": 0.0, "15_MARKET_235_2": 0.0, "16_AYTRE_235_2": 0.0, "17_12/11/2016_235_2": 0.0, "18_000128_235_2": 0.0, "19_11:17:19_235_2": 0.0, "20_0106_235_2": 0.0, "21_002_235_2": 0.0, "0_63,000_receipt_00298_1": 0.0, "1_Total_receipt_00298_1": 0.0, "2_Rounding_receipt_00298_1": 0.0, "3_0_receipt_00298_1": 1.0, "4_5,727_receipt_00298_1": 0.6, "5_(10%)_receipt_00298_1": 0.0, "6_PB1_receipt_00298_1": 0.0, "7_57,273_receipt_00298_1": 0.5, "8_Sub_receipt_00298_1": 0.0, "9_Total_receipt_00298_1": 0.0, "10_1_receipt_00298_1": 1.0, "11_YELLOW_receipt_00298_1": 0.0, "12_VELVET_receipt_00298_1": 0.0, "13_0_receipt_00298_1": 2.0, "14_YELLOW_receipt_00298_1": 0.0, "15_VELVET_receipt_00298_1": 0.0, "16_1_receipt_00298_1": 0.0, "17_0_receipt_00298_1": 1.0, "18_1_receipt_00298_1": 1.0, "19_0_receipt_00298_1": 0.0, "20_MANGGO_receipt_00298_1": 0.0, "21_1_receipt_00298_1": 1.0, "22_0_receipt_00298_1": 1.0, "23_1_receipt_00298_1": 1.0, "24_KIWI_receipt_00298_1": 0.75, "25_0_receipt_00298_1": 1.0, "26_DRAGON_receipt_00298_1": 0.0, "27_FRUIT_receipt_00298_1": 0.0, "28_1_receipt_00298_1": 1.0, "29_0_receipt_00298_1": 1.0, "30_[RICHE]_receipt_00298_1": 0.0, "31_BLACK_receipt_00298_1": 0.0, "32_SAKURA_receipt_00298_1": 0.0, "33_57,273_receipt_00298_1": 0.3333333333333333, "34_1_receipt_00298_1": 1.0, "0_Designation_606_0": 0.0, "1_P.U_606_0": 0.0, "2_TOTAL_606_0": 0.0, "3_Qte_606_0": 0.3333333333333333, "4_107_606_0": 0.0, "5_COUVERTS_606_0": 0.0, "6_2_606_0": 0.0, "7_TABLE_606_0": 0.0, "8_VEN_606_0": 0.0, "9_14_606_0": 0.0, "10_2017_606_0": 0.0, "11_JUI_606_0": 1.0, "12_TEL_606_0": 0.0, "13_ROCHELLE_606_0": 0.0, "14_17000_606_0": 0.0, "15_LA_606_0": 0.0, "16_RUE_606_0": 0.0, "17_DE_606_0": 0.0, "18_LA_606_0": 0.0, "19_CHAINE_606_0": 0.0, "0_DESCRIPTION_19_0": 0.09090909090909091, "1_QTE_19_0": 1.0, "2_MONTANT_19_0": 0.42857142857142855, "3_Tel_19_0": 0.0, "4_ROCHELLE_19_0": 0.0, "5_17000_19_0": 0.0, "6_LA_19_0": 0.0, "7_33_19_0": 0.0, "8_RUE_19_0": 0.0, "9_DE_19_0": 0.0, "10_LA_19_0": 0.0, "11_SCIERIE_19_0": 0.0, "12_CRF-CITY_19_0": 0.0, "13_LA_19_0": 0.0, "14_ROCHELLE_19_0": 0.0, "0_Murni_receipt_00775_0": 0.8, "1_100%_receipt_00775_0": 0.25, "2_*Gula_receipt_00775_0": 0.8, "3_BLENDED_receipt_00775_0": 0.0, "4_CREAM_receipt_00775_0": 0.2, "5_GREENTEA_receipt_00775_0": 0.375, "6_20,909_receipt_00775_0": 0.3333333333333333, "7_1_receipt_00775_0": 1.0, "0_Change_receipt_00340_1": 0.16666666666666666, "1_52,500_receipt_00340_1": 0.0, "2_110,000_receipt_00340_1": 0.14285714285714285, "3_CASH_receipt_00340_1": 0.0, "4_57,500_receipt_00340_1": 0.3333333333333333, "5_TOTAL_receipt_00340_1": 0.0, "6_PB1_receipt_00340_1": 0.0, "7_10%_receipt_00340_1": 0.0, "8_5,227_receipt_00340_1": 0.2, "9_SUBTOTAL_receipt_00340_1": 0.0, "10_52,272_receipt_00340_1": 0.16666666666666666, "11_1_receipt_00340_1": 1.0, "12_PKT_receipt_00340_1": 0.0, "13_MIE_receipt_00340_1": 0.0, "14_LELEH_receipt_00340_1": 0.2, "15_27,273_receipt_00340_1": 0.3333333333333333, "16_1_receipt_00340_1": 1.0, "17_PKT_receipt_00340_1": 0.0, "18_LELEH_receipt_00340_1": 0.0, "19_AYM_receipt_00340_1": 0.3333333333333333, "20_GEPRK_receipt_00340_1": 0.0, "21_24,999_receipt_00340_1": 0.0, "0_18,999_receipt_00353_1": 0.5, "1_cash:_receipt_00353_1": 0.4, "2_1,727_receipt_00353_1": 1.0, "3_PB1:_receipt_00353_1": 1.25, "4_17,272_receipt_00353_1": 0.6666666666666666, "5_SubTotal:_receipt_00353_1": 0.3333333333333333, "6_Top_receipt_00353_1": 0.3333333333333333, "7_Banana_receipt_00353_1": 0.16666666666666666, "8_0_receipt_00353_1": 1.0, "9_Top_receipt_00353_1": 0.6666666666666666, "10_Oreo_receipt_00353_1": 1.0, "11_0_receipt_00353_1": 2.0, "12_Top_receipt_00353_1": 0.6666666666666666, "13_Oreo_receipt_00353_1": 1.0, "14_0_receipt_00353_1": 2.0, "15_1_receipt_00353_1": 3.0, "16_Soft_receipt_00353_1": 0.5, "17_Ori_receipt_00353_1": 0.6666666666666666, "18_Top_receipt_00353_1": 1.3333333333333333, "19_17,272_receipt_00353_1": 0.3333333333333333, "20_3_receipt_00353_1": 3.0, "0_4_691_3": 0.0, "1_3_691_3": 0.0, "2_33_691_3": 0.0, "3_03_691_3": 0.0, "4_300_691_3": 0.0, "5_2378_691_3": 0.0, "6_0_691_3": 0.0, "0_ _receipt_00599_0": 3.0, "0_A_383_2": 0.0, "1_BIENTOT_383_2": 0.0, "2_VOTRE_383_2": 0.0, "3_VISITE_383_2": 0.0, "4_MERCI_383_2": 0.2, "5_DE_383_2": 0.0, "6_000199_383_2": 0.0, "7_31/03/2017_383_2": 0.0, "8_13:31:33_383_2": 0.0, "9_004_383_2": 0.0, "10_0006_383_2": 0.25, "0_QTE_461_0": 0.6666666666666666, "1_DESCRIPTION_461_0": 0.45454545454545453, "2_:_461_0": 1.0, "3_Tel_461_0": 0.0, "4_17000_461_0": 0.0, "5_LA_461_0": 0.0, "6_ROCHELLE_461_0": 0.0, "7_33_461_0": 0.0, "8_RUE_461_0": 0.0, "9_DE_461_0": 1.5, "10_LA_461_0": 0.0, "11_SCIERIE_461_0": 0.0, "12_CRF-CITY_461_0": 0.0, "13_LA_461_0": 0.5, "14_ROCHELLE_461_0": 0.0, "0_25,000_receipt_00092_1": 0.16666666666666666, "1_CASH_receipt_00092_1": 0.0, "2_TL_receipt_00092_1": 1.5, "3_13,000_receipt_00092_1": 0.16666666666666666, "4_APPLE_receipt_00092_1": 0.4, "5_CINN_receipt_00092_1": 0.0, "0_007_259_1": 1.0, "1_003_259_1": 0.6666666666666666, "2_000013_259_1": 0.0, "3_06/07/2017_259_1": 0.3, "4_11:40:36_259_1": 0.0, "5_CB_259_1": 1.0, "6_SANS_259_1": 0.0, "7_EMV_259_1": 0.3333333333333333, "8_CONTACT_259_1": 0.0, "9_EUR_259_1": 0.0, "10_7.07\u20ac_259_1": 0.4, "11_ATICLE(S)_259_1": 0.2222222222222222, "12_4_259_1": 1.0, "13_TOTAL_259_1": 0.8, "14_PAYER_259_1": 0.0, "15_A_259_1": 1.0, "16_7.07_259_1": 0.5, "17_SALAD_259_1": 0.0, "18_VENEZIA_259_1": 0.5714285714285714, "19_4.234_259_1": 1.0, "20_C.180kg_259_1": 1.0, "21_2.504/kg_259_1": 0.375, "22_x_259_1": 0.0, "23_POMME_259_1": 1.0, "24_GROSSE_259_1": 0.16666666666666666, "25_0.45_259_1": 0.5, "26_DUO_259_1": 1.0, "27_S.CD_259_1": 1.0, "28_1.39_259_1": 0.5, "29_ETTE_259_1": 0.75, "30_250_259_1": 1.0, "31_CRF_259_1": 1.0, "32_1.00_259_1": 0.25, "0_Doc_X00016469672_0": 0.0, "1_No._X00016469672_0": 0.3333333333333333, "2_CS00004040_X00016469672_0": 0.0, "3_11/01/2019_X00016469672_0": 0.3, "4_Date:_X00016469672_0": 0.2, "5_CASH_X00016469672_0": 0.0, "6_SALES_X00016469672_0": 0.0, "7_GST_X00016469672_0": 0.0, "8_ID_X00016469672_0": 1.0, "9_002116837376_X00016469672_0": 0.08333333333333333, "10_TEL:_X00016469672_0": 0.25, "11_FAX:_X00016469672_0": 0.25, "12_07-5624059_X00016469672_0": 0.2, "13_JOHOR_X00016469672_0": 0.0, "14_81200_X00016469672_0": 0.2, "15_JOHOR_X00016469672_0": 0.0, "16_BAHRU_X00016469672_0": 0.0, "17_TAMAN_X00016469672_0": 0.0, "18_PUTRA,_X00016469672_0": 0.16666666666666666, "19_SRI_X00016469672_0": 0.0, "20_1,_X00016469672_0": 0.5, "21_NO.53_X00016469672_0": 0.2, "22_JALAN_X00016469672_0": 0.0, "23_PUTRA_X00016469672_0": 0.0, "24_(JM0352019-K)_X00016469672_0": 0.0, "25_SOON_X00016469672_0": 0.0, "26_HUAT_X00016469672_0": 0.0, "27_MACHINERY_X00016469672_0": 0.0, "28_yee_X00016469672_0": 0.0, "29_tan_X00016469672_0": 0.0, "0_Payment#Less_receipt_00327_1": 0.25, "1_39,600_receipt_00327_1": 0.3333333333333333, "2_Payment_receipt_00327_1": 0.14285714285714285, "3_0_receipt_00327_1": 2.0, "4_Total_receipt_00327_1": 0.0, "5_39,600_receipt_00327_1": 0.0, "6_INC(+)_receipt_00327_1": 0.16666666666666666, "7_3,600_receipt_00327_1": 0.4, "8_MIE_receipt_00327_1": 0.3333333333333333, "9_1_receipt_00327_1": 1.0, "10_UP_receipt_00327_1": 0.5, "11_BSR_receipt_00327_1": 0.0, "12_36,000_receipt_00327_1": 0.16666666666666666, "13_C_receipt_00327_1": 1.0, "14_1_receipt_00327_1": 1.0, "0_22.08\u20ac_514_1": 0.3333333333333333, "1_ALINENTAIRE_514_1": 0.2727272727272727, "2_TOTAL_514_1": 0.2, "3_0.626_514_1": 0.4, "4_*ST_514_1": 1.0, "5_BANANE_514_1": 0.16666666666666666, "6_P.PRIX_514_1": 0.0, "7_1.54\u20ac_514_1": 0.4, "8_CHOCO_514_1": 0.0, "9_LT_514_1": 1.5, "10_X8_514_1": 0.5, "11_PITCH_514_1": 0.0, "12_1.77\u20ac_514_1": 0.4, "13_MULTIFRU_514_1": 0.125, "14_*PET_514_1": 0.0, "15_PJ_514_1": 1.0, "16_1L_514_1": 1.0, "17_5.55\u20ac_514_1": 0.4, "18_ATTRACT_514_1": 0.0, "19_*CHOCOLATE_514_1": 0.1, "20_P.C_514_1": 0.6666666666666666, "21_*CHAMP.MOYEN_514_1": 0.3333333333333333, "22_1.85\u20ac_514_1": 0.4, "23_CHOC/NO_514_1": 0.0, "24_BROWNI_514_1": 0.16666666666666666, "25_IND_514_1": 0.3333333333333333, "26_0.95\u20ac_514_1": 0.4, "27_*BAGUETTE_514_1": 0.1111111111111111, "28_CAMPAGNAR_514_1": 0.2222222222222222, "29_1.83\u20ac_514_1": 0.4, "30_IATLIEN_514_1": 0.14285714285714285, "31_*APERIVRAIS_514_1": 0.36363636363636365, "32_1.49\u20ac_514_1": 0.4, "33_OIGNON_514_1": 0.5, "34_JNE_514_1": 0.3333333333333333, "35_*500G_514_1": 0.4, "36_1.39\u20ac_514_1": 0.6, "37_LAIT_514_1": 0.25, "38_*4X115G_514_1": 0.14285714285714285, "39_RIZ_514_1": 0.0, "40_AU_514_1": 0.0, "41_0.95\u20ac_514_1": 0.4, "42_OLIVES_514_1": 0.0, "43_37CL_514_1": 0.5, "44_VRT_514_1": 0.3333333333333333, "45_CR_514_1": 0.5, "46_REMISE_514_1": 0.16666666666666666, "47_-0.80\u20ac_514_1": 0.5, "48_2.65\u20ac_514_1": 0.4, "49_MOUSSE_514_1": 0.16666666666666666, "50_CHOCO_514_1": 0.4, "51_*2X85G_514_1": 0.3333333333333333, "52_1.50\u20ac_514_1": 0.4, "53_PJ_514_1": 0.5, "54_CRF_514_1": 0.0, "55_*1L_514_1": 1.0, "56_ORANGE_514_1": 0.0, "0_0_receipt_00651_1": 3.0, "1_CHANGE_receipt_00651_1": 0.3333333333333333, "2_10,000_receipt_00651_1": 1.0, "3_ELEVENIA_receipt_00651_1": 0.5, "4_Total_receipt_00651_1": 0.8, "5_909_receipt_00651_1": 1.0, "6_Pajak_receipt_00651_1": 0.8, "7_Restoran_receipt_00651_1": 0.125, "8_9,090_receipt_00651_1": 0.8, "9_Subtotal_receipt_00651_1": 0.25, "10_9,090_receipt_00651_1": 0.6, "11_Smoothies_receipt_00651_1": 0.4444444444444444, "12_Taro_receipt_00651_1": 0.5, "13_Elevenia_receipt_00651_1": 0.5, "14_1_receipt_00651_1": 0.0, "0_ _receipt_00426_0": 3.0, "0_TOTAL_receipt_00797_1": 0.2, "1_PB1_receipt_00797_1": 0.6666666666666666, "2_10%_receipt_00797_1": 1.0, "3_19,557_receipt_00797_1": 1.0, "4_11,070_receipt_00797_1": 0.3333333333333333, "5_SVC_receipt_00797_1": 1.0, "6_CHG_receipt_00797_1": 0.6666666666666666, "7_6%_receipt_00797_1": 1.0, "8_SUBTTL_receipt_00797_1": 0.0, "9_117,500_receipt_00797_1": 0.2857142857142857, "10_Disc_receipt_00797_1": 0.75, "11_(ITM06)_receipt_00797_1": 0.2857142857142857, "12_-100%_receipt_00797_1": 0.4, "13_-67,000_receipt_00797_1": 0.2857142857142857, "14_1_receipt_00797_1": 1.0, "15_HOT_receipt_00797_1": 0.6666666666666666, "16_TUNA_receipt_00797_1": 0.25, "17_67,000_receipt_00797_1": 0.16666666666666666, "18_1_receipt_00797_1": 2.0, "19_HOT_receipt_00797_1": 0.6666666666666666, "20_TUNA_receipt_00797_1": 0.25, "21_67,000_receipt_00797_1": 0.16666666666666666, "22_1_receipt_00797_1": 1.0, "23_GRILLED_receipt_00797_1": 0.0, "24_(_receipt_00797_1": 1.0, "25_BABY_receipt_00797_1": 0.25, "26_POTATO_receipt_00797_1": 0.16666666666666666, "27_R_receipt_00797_1": 0.0, "28_50,500_receipt_00797_1": 0.0, "0_DESCRIPTION_121_0": 0.2727272727272727, "1_QTE_121_0": 0.3333333333333333, "2_MONTANT_121_0": 0.42857142857142855, "3_:_121_0": 1.0, "4_Tel_121_0": 0.0, "5_17000_121_0": 0.0, "6_LA_121_0": 2.0, "7_ROCHELLE_121_0": 0.0, "8_33_121_0": 0.0, "9_RUE_121_0": 0.0, "10_DE_121_0": 0.0, "11_LA_121_0": 0.0, "12_SCIERIE_121_0": 0.0, "13_CRF-CITY_121_0": 0.0, "14_LA_121_0": 0.5, "15_ROCHELLE_121_0": 0.0, "0_TOTAL :_receipt_00088_0": 0.14285714285714285, "1_45,490_receipt_00088_0": 0.0, "2_302.00 x_receipt_00088_0": 0.375, "3_95_receipt_00088_0": 0.5, "4_28,690_receipt_00088_0": 0.6666666666666666, "5_KACANG_receipt_00088_0": 0.0, "6_MEDAN_receipt_00088_0": 0.0, "7_210.00 x_receipt_00088_0": 0.375, "8_80_receipt_00088_0": 1.5, "9_16,800_receipt_00088_0": 0.5, "10_KUE PILUS ASIN_receipt_00088_0": 0.0, "0_CHANGED_receipt_00211_1": 0.0, "1_CASH_receipt_00211_1": 0.0, "2_0_receipt_00211_1": 2.0, "3_70.000_receipt_00211_1": 0.0, "4_TOTAL_receipt_00211_1": 0.0, "5_1_receipt_00211_1": 0.0, "6_Popcorn_receipt_00211_1": 0.8571428571428571, "7_Salt_receipt_00211_1": 0.25, "8_(M)_receipt_00211_1": 1.0, "9_40.000_receipt_00211_1": 0.0, "10_1_receipt_00211_1": 1.0, "11_Extra_receipt_00211_1": 0.0, "12_Jelly_receipt_00211_1": 0.0, "13_Lychee_receipt_00211_1": 0.0, "14_5.000_receipt_00211_1": 0.0, "15_1_receipt_00211_1": 1.0, "16_Coke_receipt_00211_1": 0.0, "17_(L)_receipt_00211_1": 1.0, "18_25.000_receipt_00211_1": 0.0, "0_CASH_receipt_00628_1": 0.0, "1_23,000_receipt_00628_1": 0.0, "0_Sub_receipt_00585_0": 0.0, "1_Total_receipt_00585_0": 0.0, "2_34,500_receipt_00585_0": 0.16666666666666666, "3_13,500_receipt_00585_0": 0.0, "4_13,500_receipt_00585_0": 0.16666666666666666, "5_1x_receipt_00585_0": 0.5, "6_Tuna_receipt_00585_0": 0.0, "7_N_receipt_00585_0": 0.0, "8_Chicken_receipt_00585_0": 0.0, "9_Floos_receipt_00585_0": 0.0, "10_Bread_receipt_00585_0": 0.0, "11_Choco_receipt_00585_0": 0.0, "12_Lining_receipt_00585_0": 0.0, "13_21,000_receipt_00585_0": 0.0, "14_Bread_receipt_00585_0": 0.0, "15_1x_receipt_00585_0": 0.5, "16_21,000_receipt_00585_0": 0.0, "0_100,000_receipt_00514_1": 0.0, "1_CASH_receipt_00514_1": 0.0, "0_A_129_1": 0.0, "1_BIENTOT_129_1": 0.0, "2_MERCI_129_1": 0.0, "3_DE_129_1": 0.0, "4_VOTRE_129_1": 0.0, "5_VISITE_129_1": 0.0, "6_0007_129_1": 0.25, "7_003_129_1": 0.3333333333333333, "8_000419_129_1": 0.0, "9_10/11/2015_129_1": 0.0, "10_18:24:44_129_1": 0.0, "11_CARTE_129_1": 0.0, "12_BANCAIRE_129_1": 0.0, "13_EMV_129_1": 0.0, "14_EUR_129_1": 0.0, "15_4.86\u20ac_129_1": 0.0, "16_3_129_1": 1.0, "17_ANTICLE_129_1": 0.14285714285714285, "18_(S)_129_1": 0.6666666666666666, "19_TOTAL_129_1": 0.0, "20_A_129_1": 0.0, "21_PAYER_129_1": 0.0, "22_4.86\u20ac_129_1": 0.0, "23_CIDRE_129_1": 0.0, "24_NORMAND_129_1": 0.2857142857142857, "25_BIO_129_1": 0.3333333333333333, "26_1.99\u20ac_129_1": 0.4, "27_BRK_129_1": 0.0, "28_SOR_129_1": 0.3333333333333333, "29_1L_129_1": 1.0, "30_PJ_129_1": 0.5, "31_POMM_129_1": 0.25, "32_1.70\u20ac_129_1": 0.4, "33_500G_129_1": 0.25, "34_PAIN_129_1": 0.5, "35_DE_129_1": 0.0, "36_MIE_129_1": 0.3333333333333333, "37_1.17\u20ac_129_1": 0.4, "0_master_receipt_00575_1": 0.0, "1_EDC_receipt_00575_1": 0.0, "2_330.000_receipt_00575_1": 0.0, "3_Total_receipt_00575_1": 0.0, "4_330.000_receipt_00575_1": 0.0, "5_(10.0%)_receipt_00575_1": 0.0, "6_Tax_receipt_00575_1": 0.0, "7_30.000_receipt_00575_1": 0.0, "8_Subtotal_receipt_00575_1": 0.0, "9_300.000_receipt_00575_1": 0.0, "10_12.000_receipt_00575_1": 0.0, "11_10x_receipt_00575_1": 0.0, "12_120.000_receipt_00575_1": 0.0, "0_A_440_1": 0.0, "1_BIENTOT_440_1": 0.0, "2_MERCI_440_1": 0.0, "3_DE_440_1": 0.0, "4_VOTRE_440_1": 0.0, "5_VISITE_440_1": 0.0, "6_0006_440_1": 0.25, "7_004_440_1": 0.3333333333333333, "8_000342_440_1": 0.0, "9_30/03/2017_440_1": 0.0, "10_16:07:43_440_1": 0.0, "11_CARTE_440_1": 0.0, "12_BANCAIRE_440_1": 0.0, "13_EMV_440_1": 0.0, "14_EUR_440_1": 0.0, "15_2.19\u20ac_440_1": 0.4, "16_2_440_1": 0.0, "17_ARTICLE_440_1": 0.0, "18_(S)_440_1": 0.3333333333333333, "19_TOTAL_440_1": 0.0, "20_PAYER_440_1": 0.0, "21_A_440_1": 0.0, "22_2.19\u20ac_440_1": 0.4, "23_*SAL_440_1": 0.25, "24_LAITUE_440_1": 0.0, "25_ICEBERG_440_1": 0.14285714285714285, "26_*SAL_440_1": 0.25, "27_BATAVIA_440_1": 0.0, "28_1.20\u20ac_440_1": 0.4, "0_:_269_1": 2.0, "1_Carte_269_1": 0.0, "2_7.50\u20ac_269_1": 0.4, "3_ESPECES_269_1": 0.0, "4_EUR_269_1": 0.0, "5_7.50\u20ac_269_1": 0.4, "6_(S)_269_1": 0.6666666666666666, "7_3_269_1": 0.0, "8_ARTICLE_269_1": 0.0, "9_TOTAL_269_1": 0.0, "10_A_269_1": 0.0, "11_PAYER_269_1": 0.0, "12_*PATE_269_1": 0.0, "13_P.BEUR.BRISEE_269_1": 0.07692307692307693, "14_0.85\u20ac_269_1": 0.4, "15_4.90\u20ac_269_1": 0.4, "16_FORMAGGI_269_1": 0.125, "17_*0.PIZZA_269_1": 0.5, "18_4_269_1": 1.0, "19_1.75\u20ac_269_1": 0.4, "20_OEUF_269_1": 0.0, "21_PLEIN_269_1": 0.0, "22_AIR_269_1": 0.0, "23_G_269_1": 1.0, "24_*9_269_1": 0.5, "0_A_161_2": 0.0, "1_BIENTOT_161_2": 0.0, "0_-0.64\u20ac_574_1": 0.3333333333333333, "1_Votre_574_1": 0.0, "2_Monnaie_574_1": 0.0, "3_EUR_574_1": 0.0, "4_ESPECES_574_1": 0.0, "5_10.00\u20ac_574_1": 0.3333333333333333, "6_4_574_1": 0.0, "7_ARTICLE(S)_574_1": 0.0, "8_TOTAL_574_1": 0.2, "9_A_574_1": 0.0, "10_PAYER_574_1": 0.0, "11_9.36\u20ac_574_1": 0.4, "12_/_574_1": 1.0, "13_/_574_1": 1.0, "14_8.81\u20ac_574_1": 0.6, "15_TOTAL_574_1": 0.0, "16_BEAUTE_574_1": 0.0, "17_SANTE_574_1": 0.0, "18_HYGIENE_574_1": 0.2857142857142857, "19_BLOC_574_1": 0.25, "20_ENERGY_574_1": 0.0, "21_OCEAN_574_1": 0.0, "22_2.16\u20ac_574_1": 0.4, "23_750ML_574_1": 0.2, "24_JAVEL_574_1": 0.0, "25_WC_574_1": 1.5, "26_NET_574_1": 0.3333333333333333, "27_1.60\u20ac_574_1": 0.4, "28_25X_574_1": 0.3333333333333333, "29_DECOLOR_574_1": 0.0, "30_STOP_574_1": 0.0, "31_5.05\u20ac_574_1": 0.4, "32_TOTAL_574_1": 0.0, "33_ALIMENTAIRE_574_1": 0.18181818181818182, "34_0.55\u20ac_574_1": 0.4, "35_*BAGUETTE_574_1": 0.1111111111111111, "36_250_574_1": 0.0, "37_0.55\u20ac_574_1": 0.4, "0_28,000_receipt_00625_0": 0.0, "1_1_receipt_00625_0": 2.0, "2_28,000_receipt_00625_0": 0.16666666666666666, "0_22/05/2017_366_1": 0.0, "1_11:52:12_366_1": 0.0, "2_000027_366_1": 0.0, "3_003_366_1": 0.0, "4_-1.14\u20ac_366_1": 0.3333333333333333, "5_Monnaie_366_1": 0.0, "6_Votre_366_1": 0.0, "7_10.00\u20ac_366_1": 0.3333333333333333, "8_ESPECES_366_1": 0.0, "9_EUR_366_1": 0.0, "10_(S)_366_1": 0.3333333333333333, "11_PAYER_366_1": 0.0, "12_8.86\u20ac_366_1": 0.6, "13_ARITICLE_366_1": 0.25, "14_TOTAL_366_1": 0.0, "15_A_366_1": 0.0, "16_4_366_1": 0.0, "17_2.07\u20ac_366_1": 0.4, "18_BOIRE_366_1": 0.0, "19_VANI_366_1": 0.5, "20_*UACHE_366_1": 0.5, "21_A_366_1": 1.0, "22_1.51\u20ac_366_1": 0.4, "23_DES_366_1": 0.0, "24_PRES_366_1": 0.0, "25_*SABLE_366_1": 0.16666666666666666, "26_*PARME_366_1": 0.3333333333333333, "27_4.11\u20ac_366_1": 1.0, "28_DE_366_1": 0.0, "29_TIER_366_1": 0.0, "30_CABI_366_1": 0.25, "31_1.17\u20ac_366_1": 0.4, "32_AROT.RAP.CRF_366_1": 0.16666666666666666, "33_*500G_366_1": 0.6, "0_2531102_773_0": 0.0, "1_0,32_773_0": 0.0, "2_bar-le-duc_773_0": 0.1, "3_eau_773_0": 0.0, "4_min._773_0": 0.0, "5_non_773_0": 0.0, "6_ARTICLES_773_0": 0.0, "7_EUR_773_0": 0.0, "8_29-02-2014_773_0": 0.1, "9_18:09:52_773_0": 0.0, "10_Vous_773_0": 0.0, "11_par:_773_0": 0.0, "12_etes_773_0": 0.25, "13_servi_773_0": 0.0, "14_Beaulieu_773_0": 0.0, "15_Juin,_773_0": 0.0, "16_Rue_773_0": 0.0, "17_du_773_0": 0.0, "18_18_773_0": 0.0, "19_ZAC_773_0": 0.3333333333333333, "20_Sarah_773_0": 0.0, "21_Puilboreau_773_0": 0.0, "22_4154_773_0": 0.0, "0_VOTRE_28_1": 0.0, "1_VISITE_28_1": 0.0, "2_MERCI_28_1": 0.0, "3_DE_28_1": 0.0, "4_16/01/2017_28_1": 0.0, "5_19:19:15_28_1": 0.0, "6_000664_28_1": 0.0, "7_0004_28_1": 0.0, "8_004_28_1": 0.0, "9_CONTACT_28_1": 0.0, "10_9.71\u20ac_28_1": 0.4, "11_EUR_28_1": 0.0, "12_EMV_28_1": 0.0, "13_SANS_28_1": 0.0, "14_CB_28_1": 0.0, "15_9.71\u20ac_28_1": 0.4, "16_PAYER_28_1": 0.0, "17_(S)_28_1": 0.6666666666666666, "18_TOTAL_28_1": 0.0, "19_A_28_1": 0.0, "20_3_28_1": 0.0, "21_ARTICLE_28_1": 0.0, "22_2.77\u20ac_28_1": 0.4, "23_MULT_28_1": 0.5, "24_1L_28_1": 0.5, "25_*BRK_28_1": 0.25, "26_SQR_28_1": 0.3333333333333333, "27_PJ_28_1": 0.5, "28_1.59\u20ac_28_1": 0.4, "29_SQR_28_1": 0.3333333333333333, "30_1L_28_1": 0.5, "31_PJ_28_1": 0.5, "32_POMM_28_1": 0.5, "33_*BRK_28_1": 0.25, "34_5.35\u20ac_28_1": 0.4, "35_D'EVASION_28_1": 0.0, "36_*BLANC_28_1": 0.16666666666666666, "37_SOIF_28_1": 0.0, "38_NONTANT_28_1": 0.0, "39_QTE_28_1": 0.6666666666666666, "40_DESCRIPTION_28_1": 0.0, "0_Popcorn_receipt_00579_0": 0.14285714285714285, "1_1_receipt_00579_0": 1.0, "2_Salt_receipt_00579_0": 0.5, "3_(S)_receipt_00579_0": 1.0, "4_20.000_receipt_00579_0": 0.0, "0_CG_receipt_00518_1": 2.0, "1_51,000_receipt_00518_1": 0.0, "2_CASH_receipt_00518_1": 0.25, "3_100,000_receipt_00518_1": 0.14285714285714285, "4_TL_receipt_00518_1": 1.0, "5_ORI_receipt_00518_1": 0.0, "6_SLMN_receipt_00518_1": 0.0, "7_49,000_receipt_00518_1": 0.0, "0_KEMBALI_receipt_00206_1": 0.7142857142857143, "1_TUNAI_receipt_00206_1": 0.8, "2_GRAND_receipt_00206_1": 1.0, "3_TOTAL_receipt_00206_1": 0.8, "4_5,764_receipt_00206_1": 0.6, "5_10.00_receipt_00206_1": 0.4, "6_TAX_receipt_00206_1": 0.6666666666666666, "7_%_receipt_00206_1": 1.0, "8_57,636_receipt_00206_1": 0.3333333333333333, "9_TOTAL_receipt_00206_1": 0.0, "10_8,000_receipt_00206_1": 0.4, "11_8,000_receipt_00206_1": 0.6, "12_1_receipt_00206_1": 1.0, "13_BOTOL_receipt_00206_1": 1.0, "14_A.MINERAL_receipt_00206_1": 0.3333333333333333, "15_6.000_receipt_00206_1": 0.6, "16_6.000_receipt_00206_1": 0.2, "17_1_receipt_00206_1": 1.0, "18_PUTIH_receipt_00206_1": 0.2, "19_NASI_receipt_00206_1": 1.0, "20_43,636_receipt_00206_1": 0.5, "21_43,636_receipt_00206_1": 0.6666666666666666, "22_1_receipt_00206_1": 1.0, "23_KUAH_receipt_00206_1": 1.0, "24_BASO_receipt_00206_1": 0.5, "0_25_584_2": 0.5, "1_ARTICLES_584_2": 0.0, "2_TOTAL_584_2": 0.0, "3_A_584_2": 0.0, "4_PAYER_584_2": 0.0, "5_93,29_584_2": 0.2, "6_TOTAL_584_2": 0.0, "7_DES_584_2": 0.0, "8_AVANTAGES_584_2": 0.0, "9_DU_584_2": 1.0, "10_JOUR_584_2": 0.0, "11_1,70-_584_2": 0.2, "12_REMISE_584_2": 0.0, "13_TOTAL_584_2": 0.8, "14_1,70-_584_2": 0.4, "15_IMMEDIATE_584_2": 0.2222222222222222, "16_25_584_2": 0.0, "17_ARTICLES_584_2": 0.0, "18_TOTAL_584_2": 0.0, "19_AVANT_584_2": 0.0, "20_REMISES_584_2": 0.0, "21_94,99_584_2": 0.2, "22_Total_584_2": 0.0, "23_Divers_584_2": 0.0, "24_1,70-_584_2": 0.2, "25_Immediate_584_2": 0.1111111111111111, "26_1,00-_584_2": 0.0, "27_Remise_584_2": 0.0, "28_Coupon_584_2": 0.0, "29_207201702374_584_2": 0.0, "30_Rem_584_2": 0.6666666666666666, "31_Caisse_584_2": 0.0, "32_0,70-_584_2": 0.2, "33_Remise_584_2": 0.0, "34_Immediate_584_2": 0.0, "35_Coupon_584_2": 0.0, "36_Rem_584_2": 0.3333333333333333, "37_Caisse_584_2": 0.0, "38_207201702965_584_2": 0.0, "39_Total_584_2": 0.2, "40_Non_584_2": 0.3333333333333333, "41_Alimentaire_584_2": 0.0, "42_47,50_584_2": 0.2, "43_PILES_584_2": 0.0, "44_LR43/186_584_2": 0.0, "45_6,80_584_2": 0.25, "46_BOXERS_584_2": 0.0, "47_20,90_584_2": 0.2, "48_ATHENA_584_2": 0.0, "49_9,90x2_584_2": 0.0, "50_CHAUSSETTES_584_2": 0.0, "51_19,80_584_2": 0.4, "0_Tel_560_0": 0.0, "1_17000_560_0": 0.0, "2_LA_560_0": 0.0, "3_ROCHELLE_560_0": 0.0, "4_3/5_560_0": 0.3333333333333333, "5_RUE_560_0": 0.0, "6_DE_560_0": 0.0, "7_CORDOUAN_560_0": 0.0, "8_CRF-CITY_560_0": 0.0, "9_ROCHELLE/CRD_560_0": 0.0, "10_LA_560_0": 0.0, "0_PLASTIK_receipt_00584_0": 0.14285714285714285, "1_1,000.00_receipt_00584_0": 0.25, "2_1,000.00_receipt_00584_0": 0.25, "3_1.00_receipt_00584_0": 1.0, "4_SENDOK_receipt_00584_0": 1.0, "5_GARPU_receipt_00584_0": 0.6, "6_DAN_receipt_00584_0": 1.0, "7_SKEWER_receipt_00584_0": 0.16666666666666666, "8_KULIT_receipt_00584_0": 1.0, "9_9,000.00_receipt_00584_0": 0.25, "10_ROBA_receipt_00584_0": 0.25, "11_-_receipt_00584_0": 1.0, "12_SPICY_receipt_00584_0": 1.2, "13_KAWA_receipt_00584_0": 0.75, "14_1.00_receipt_00584_0": 0.25, "15_9,000.00_receipt_00584_0": 0.25, "16_1.00_receipt_00584_0": 1.0, "17_9,000.00_receipt_00584_0": 0.25, "18_DORI_receipt_00584_0": 0.0, "19_9,000.00_receipt_00584_0": 0.375, "20_KATSU_receipt_00584_0": 0.8, "21_KATSU_receipt_00584_0": 0.0, "22_9,000.00_receipt_00584_0": 0.25, "23_9,000.00_receipt_00584_0": 0.25, "24_1.00_receipt_00584_0": 0.25, "25_CALAMARI_receipt_00584_0": 0.0, "26_AGE_receipt_00584_0": 0.0, "27_VEGETABLE_receipt_00584_0": 0.1111111111111111, "28_1.00_receipt_00584_0": 1.0, "29_8,000.00_receipt_00584_0": 0.75, "30_SATSUMA_receipt_00584_0": 0.0, "31_SURIMI_receipt_00584_0": 0.3333333333333333, "32_8,000.00_receipt_00584_0": 0.375, "33_-_receipt_00584_0": 0.0, "34_TERIYAKI_receipt_00584_0": 0.5, "35_CHICKEN_receipt_00584_0": 0.14285714285714285, "36_1.00_receipt_00584_0": 1.0, "37_32,000.00_receipt_00584_0": 0.2222222222222222, "38_BENTO_receipt_00584_0": 0.0, "39_32,000.00_receipt_00584_0": 0.8888888888888888, "0_19.000_receipt_00276_1": 0.3333333333333333, "1_Total_receipt_00276_1": 0.0, "2_19.000_receipt_00276_1": 0.16666666666666666, "3_Subtotal_receipt_00276_1": 0.0, "0_PB1_receipt_00282_1": 1.0, "1_SVO_receipt_00282_1": 1.0, "2_CHG_receipt_00282_1": 2.0, "3_76.364_receipt_00282_1": 1.0, "4_SUBTOTAL_receipt_00282_1": 0.5, "5_Run_receipt_00282_1": 1.0, "6_Raisin_receipt_00282_1": 1.0, "7_Strawberry_receipt_00282_1": 1.0, "8_Cheese_receipt_00282_1": 1.0, "9_2_receipt_00282_1": 3.0, "10_SINGLE_receipt_00282_1": 0.5, "11_76,364_receipt_00282_1": 0.5, "12_Cone_receipt_00282_1": 0.75, "0_56,760_receipt_00465_1": 0.0, "1_BFWD_receipt_00465_1": 0.25, "2_56,760_receipt_00465_1": 0.0, "3_HOLD_receipt_00465_1": 0.0, "4_5,160_receipt_00465_1": 0.0, "5_TAX_receipt_00465_1": 0.0, "6_10%_receipt_00465_1": 1.0, "7_3,600_receipt_00465_1": 0.0, "8_SERVICE_receipt_00465_1": 0.14285714285714285, "9_CH_receipt_00465_1": 0.5, "10_48,000_receipt_00465_1": 0.0, "11_TAXABLE1_receipt_00465_1": 0.125, "12_11,000_receipt_00465_1": 0.0, "13_ES_receipt_00465_1": 0.0, "14_TEH/TAWAR_receipt_00465_1": 0.0, "15_22,000_receipt_00465_1": 0.0, "16_AYAM_receipt_00465_1": 0.0, "17_PANGGANG_receipt_00465_1": 0.125, "0_:_586_0": 1.0, "1_Tel_586_0": 0.0, "2_17000_586_0": 0.0, "3_LA_586_0": 0.0, "4_ROCHELLE_586_0": 0.0, "5_37_586_0": 0.0, "6_BIS_586_0": 0.0, "7_AVENUE_586_0": 0.0, "8_JEAN_586_0": 0.0, "9_GUITON_586_0": 0.0, "10_CRF-CITY_586_0": 0.0, "11_LA_586_0": 0.0, "12_ROCHELLE_586_0": 0.0, "0_163,000_receipt_00019_0": 0.14285714285714285, "1_1_receipt_00019_0": 1.0, "2_GURAME_receipt_00019_0": 0.16666666666666666, "3_FILLET_receipt_00019_0": 0.0, "4_M_receipt_00019_0": 1.0, "5_=*MEDIUM*=_receipt_00019_0": 0.5, "6_2_receipt_00019_0": 0.0, "7_111,000_receipt_00019_0": 0.2857142857142857, "8_222,000_receipt_00019_0": 0.42857142857142855, "9_2_receipt_00019_0": 0.0, "10_POCAI_receipt_00019_0": 0.6, "11_3_receipt_00019_0": 1.0, "12_=*LARGE*==_receipt_00019_0": 0.5, "13_1_receipt_00019_0": 0.0, "14_172,000_receipt_00019_0": 0.0, "15_SAPO_receipt_00019_0": 0.75, "16_TH_receipt_00019_0": 1.0, "17_SEAFOOD_receipt_00019_0": 0.14285714285714285, "18_=*MEDIUM*=_receipt_00019_0": 0.4, "19_1_receipt_00019_0": 1.0, "20_108,000_receipt_00019_0": 0.2857142857142857, "21_JUN_receipt_00019_0": 1.0, "22_AYM_receipt_00019_0": 1.0, "23_GR_receipt_00019_0": 1.0, "24_NJAN_receipt_00019_0": 0.5, "25_=*LARGE*==_receipt_00019_0": 0.4, "26_2_receipt_00019_0": 0.0, "27_216,000_receipt_00019_0": 0.2857142857142857, "28_432,000_receipt_00019_0": 0.0, "29_RE_receipt_00019_0": 1.0, "30_2_receipt_00019_0": 1.0, "31_UDANG_receipt_00019_0": 0.4, "0_ _receipt_00659_0": 4.0, "0_MEGA_receipt_00235_1": 0.5, "1_EFT:_receipt_00235_1": 0.25, "2_TOTAL:_receipt_00235_1": 0.5, "3_MEGA_receipt_00235_1": 0.5, "4_Discount_receipt_00235_1": 0.125, "5_3,120-_receipt_00235_1": 0.5, "6_Discount_receipt_00235_1": 0.375, "7_8,600 -_receipt_00235_1": 0.7142857142857143, "8_FIXALL_receipt_00235_1": 0.6666666666666666, "9_HK_receipt_00235_1": 0.5, "10_26521_receipt_00235_1": 0.6, "11_39,800_receipt_00235_1": 0.3333333333333333, "12_2X_receipt_00235_1": 1.0, "13_19,900_receipt_00235_1": 0.5, "14_MEGA_receipt_00235_1": 0.0, "15_Discount_receipt_00235_1": 0.125, "16_630-_receipt_00235_1": 1.0, "17_DECOLGEN_receipt_00235_1": 0.0, "18_TABLET_receipt_00235_1": 0.0, "19_6,300_receipt_00235_1": 0.4, "20_4S_receipt_00235_1": 1.0, "0_NONTANT_248_0": 1.0, "1_QTE_248_0": 1.0, "2_DESCRIPTION_248_0": 0.0, "3_Aytre._248_0": 0.3333333333333333, "4_Gargot_248_0": 0.0, "5_17440_248_0": 0.0, "6_Rue_248_0": 0.0, "7_Nicolas_248_0": 0.0, "8_12h30_248_0": 0.0, "9_Dimanche_248_0": 0.0, "10_9h_248_0": 0.5, "11_a_248_0": 0.0, "12_20h00_248_0": 0.0, "13_a_248_0": 1.0, "14_Samedi_248_0": 0.0, "15_de_248_0": 0.0, "16_9h_248_0": 0.5, "17_Lundi_248_0": 0.2, "18_au_248_0": 0.0, "19_:_248_0": 1.0, "20_0546457320_248_0": 0.0, "21_Tel_248_0": 0.0, "22_market_248_0": 0.0, "23_AYTRE_248_0": 0.0, "24_Carrefour_248_0": 0.0, "0_Jui24'16_750_0": 0.25, "1_10:11AM_750_0": 0.0, "2_Fct_750_0": 0.3333333333333333, "3_9930_750_0": 0.0, "4_Cvt_750_0": 0.0, "5_0_750_0": 0.0, "6_Gda-1_750_0": 0.0, "7_1800015_750_0": 0.0, "8_I_750_0": 1.0, "9_QUAI_750_0": 0.25, "10_85_750_0": 1.0, "11_AUSTERLITZ_750_0": 0.0, "12_75013_750_0": 0.0, "13_LES_750_0": 0.0, "14_BUFFETS_750_0": 0.0, "15_DES_750_0": 0.0, "16_GARES_750_0": 0.0, "17_DE_750_0": 0.0, "18_FRANCE_750_0": 0.0, "19_BRIOCHE_750_0": 0.0, "20_DOREE_750_0": 0.0, "21_SSP_750_0": 0.0, "22_France_750_0": 0.0, "0_repris_466_4": 0.0, "1_echanges_466_4": 0.125, "2_ni_466_4": 0.0, "3_ni_466_4": 0.0, "4_BIENTOT_466_4": 0.0, "5_A_466_4": 0.0, "6_visite_466_4": 0.0, "7_remercie_466_4": 0.0, "8_de_466_4": 0.0, "9_votre_466_4": 0.0, "10_Vous_466_4": 0.0, "11_CARREFOUR_466_4": 0.0, "12_MARKET_466_4": 0.0, "13_AYTRE_466_4": 0.0, "14_repris_466_4": 0.0, "15_echange_466_4": 0.0, "16_Solde_466_4": 0.0, "17_ni_466_4": 0.0, "18_ni_466_4": 0.0, "19_000112_466_4": 0.0, "20_14/07/2017_466_4": 0.0, "21_12:04:00_466_4": 0.0, "22_005_466_4": 0.3333333333333333, "23_0119_466_4": 0.25, "24_13.96\u20ac_466_4": 0.3333333333333333, "25_BANCAIRE_466_4": 0.0, "26_EMV_466_4": 0.3333333333333333, "27_EUR_466_4": 0.0, "28_CARTE_466_4": 0.0, "29_113.96\u20ac_466_4": 0.2857142857142857, "30_A_466_4": 0.0, "31_PAYER_466_4": 0.0, "32_ARTICLE_466_4": 0.0, "33_(S)_466_4": 1.0, "34_TOTAL_466_4": 0.0, "35_49_466_4": 0.0, "0_ _receipt_00436_0": 1.0, "0_100,000_receipt_00565_1": 0.14285714285714285, "1_CASH_receipt_00565_1": 0.25, "0_BIENTOT_393_2": 0.0, "1_MERCI_393_2": 0.0, "2_DE_393_2": 0.0, "3_VOTRE_393_2": 0.0, "4_VISITE_393_2": 0.0, "5_11/05/2017_393_2": 0.0, "6_004_393_2": 0.0, "7_000422_393_2": 0.0, "8_19:12:58_393_2": 0.0, "9_0001_393_2": 0.25, "0_15000_receipt_00250_0": 0.0, "1_Sub_receipt_00250_0": 0.0, "2_Total_receipt_00250_0": 0.0, "3_15000_receipt_00250_0": 0.0, "4_15000_receipt_00250_0": 0.0, "5_RTD_receipt_00250_0": 0.0, "6_1_receipt_00250_0": 1.0, "0_CHANGE DUE_receipt_00387_1": 0.1, "1_22,000_receipt_00387_1": 0.3333333333333333, "2_CASH IDR_receipt_00387_1": 0.125, "3_50,000_receipt_00387_1": 0.16666666666666666, "4_GRAND TOTAL_receipt_00387_1": 0.0, "5_28,000_receipt_00387_1": 0.16666666666666666, "0_A_380_1": 0.0, "1_BIENTOT_380_1": 0.0, "2_MERCI_380_1": 0.0, "3_DE_380_1": 0.0, "4_VOTRE_380_1": 0.0, "5_VISITE_380_1": 0.0, "6_000082_380_1": 0.0, "7_0001_380_1": 0.0, "8_004_380_1": 0.3333333333333333, "9_29/05/2017_380_1": 0.0, "10_11:56:40_380_1": 0.0, "11_CB_380_1": 0.0, "12_EMV_380_1": 0.0, "13_SANS_380_1": 0.0, "14_CONTACT_380_1": 0.0, "15_EUR_380_1": 0.0, "16_5.42\u20ac_380_1": 0.4, "17_3_380_1": 0.0, "18_ARTICLE_380_1": 0.0, "19_(S)_380_1": 0.6666666666666666, "20_TOTAL_380_1": 0.0, "21_A_380_1": 0.0, "22_PAYER_380_1": 0.0, "23_5.42\u20ac_380_1": 0.4, "24_*TABOULE_380_1": 0.0, "25_VOLAILLE_380_1": 0.25, "26_1.70\u20ac_380_1": 0.4, "27_CAROT.RAP.CRF_380_1": 0.0, "28_1.17\u20ac_380_1": 0.4, "29_*5006_380_1": 0.2, "30_MOUSSE_380_1": 0.0, "31_*2X90G_380_1": 0.5, "32_CHOCO_380_1": 0.0, "33_2.55\u20ac_380_1": 0.4, "0_28.000_receipt_00145_0": 0.0, "1_TOTAL_receipt_00145_0": 0.0, "2_SUB_receipt_00145_0": 1.0, "3_28.000_receipt_00145_0": 0.16666666666666666, "4_28,000_receipt_00145_0": 0.3333333333333333, "5_1_receipt_00145_0": 2.0, "0_MONTANT_439_0": 0.14285714285714285, "1_DESCRIPTION_439_0": 0.0, "2_QTE_439_0": 0.3333333333333333, "3_:_439_0": 1.0, "4_Tel_439_0": 0.0, "5_17000_439_0": 0.0, "6_LA_439_0": 0.5, "7_ROCHELLE_439_0": 0.0, "8_33_439_0": 0.0, "9_RUE_439_0": 0.0, "10_DE_439_0": 0.0, "11_LA_439_0": 0.0, "12_SCIERIE_439_0": 0.14285714285714285, "13_CRF-CITY_439_0": 0.0, "14_LA_439_0": 2.0, "15_ROCHELLE_439_0": 0.0, "0_Rp._receipt_00670_1": 1.0, "1_5.150_receipt_00670_1": 1.0, "2_Liter_receipt_00670_1": 1.0, "3_38,835_receipt_00670_1": 1.0, "4_Jenis_receipt_00670_1": 1.0, "5_BBM_receipt_00670_1": 1.0, "6_Solar_receipt_00670_1": 1.6, "0_37,000_receipt_00484_1": 0.0, "1_Change:_receipt_00484_1": 0.2857142857142857, "2_50,000_receipt_00484_1": 0.16666666666666666, "3_cash:_receipt_00484_1": 0.4, "4_1,182_receipt_00484_1": 0.0, "5_PB1:_receipt_00484_1": 0.5, "6_11,818_receipt_00484_1": 0.0, "7_SubTotal:_receipt_00484_1": 0.1111111111111111, "8_11,818_receipt_00484_1": 0.16666666666666666, "9_Aqua_receipt_00484_1": 0.0, "10_2_receipt_00484_1": 2.0, "11_MinWtr_receipt_00484_1": 0.3333333333333333, "12_330ml_receipt_00484_1": 0.0, "0_QTE_476_0": 0.6666666666666666, "1_MONTANT_476_0": 0.5714285714285714, "2_DESCRIPTION_476_0": 0.0, "3_Aytre._476_0": 0.16666666666666666, "4_Gargot_476_0": 0.0, "5_17440_476_0": 0.0, "6_wicolas_476_0": 0.14285714285714285, "7_Rue_476_0": 0.0, "8_12h30_476_0": 0.0, "9_Dimanche_476_0": 0.0, "10_9h_476_0": 0.5, "11_a_476_0": 0.0, "12_20h00-_476_0": 0.16666666666666666, "13_9h_476_0": 0.5, "14_Samedi_476_0": 0.0, "15_a_476_0": 1.0, "16_Lundi_476_0": 0.2, "17_de_476_0": 0.0, "18_au_476_0": 0.0, "19_0546457320_476_0": 0.0, "20_Tel_476_0": 0.0, "21_AYTRE_476_0": 0.0, "22_market_476_0": 0.0, "23_Carrefour_476_0": 0.0, "0_Tel_30_0": 0.0, "1_17000_30_0": 0.0, "2_LA_30_0": 0.5, "3_ROCHELLE_30_0": 0.0, "4_RUE_30_0": 0.0, "5_33_30_0": 0.0, "6_DE_30_0": 0.0, "7_SCIERIE_30_0": 0.0, "8_LA_30_0": 0.0, "9_CRF-CITY_30_0": 0.0, "10_LA_30_0": 1.5, "11_ROCHELLE_30_0": 0.0, "0_Tel_66_0": 0.0, "1_17000_66_0": 0.0, "2_SCIERIE_66_0": 0.0, "3_RUE_66_0": 0.0, "4_LA_66_0": 0.0, "5_33_66_0": 0.0, "6_DE_66_0": 0.0, "7_ROCHELLE_66_0": 0.0, "8_LA_66_0": 0.0, "9_CRF-CITY_66_0": 0.125, "0_ _receipt_00208_0": 3.0, "0_ _receipt_00411_0": 3.0, "0_A_118_1": 0.0, "1_BIENTOT_118_1": 0.0, "2_MERCI_118_1": 0.0, "3_DE_118_1": 0.0, "4_VOTRE_118_1": 0.0, "5_VISITE_118_1": 0.0, "6_0010_118_1": 1.0, "7_003_118_1": 0.0, "8_000042_118_1": 0.0, "9_27/10/2016_118_1": 0.4, "10_12:03:11_118_1": 0.0, "11_CB_118_1": 0.5, "12_EMV_118_1": 0.3333333333333333, "13_SANS_118_1": 0.0, "14_CONTACT_118_1": 0.0, "15_EUR_118_1": 0.0, "16_3.53\u20ac_118_1": 0.4, "17_TOTAL_118_1": 0.8, "18_A_118_1": 0.0, "19_PAYER_118_1": 0.0, "20_3.53\u20ac_118_1": 0.4, "21_FLT_118_1": 0.6666666666666666, "22_PIT_118_1": 0.0, "23_PDT_118_1": 1.0, "24_SARLAD_118_1": 0.0, "25_3.53\u20ac_118_1": 0.4, "0_Vignette(s)_493_3": 0.0, "1_par_493_3": 0.0, "2_operation_493_3": 0.0, "3_Bravo_493_3": 0.2, "4_vous_493_3": 0.0, "5_2.0_493_3": 0.0, "6_avez_493_3": 0.0, "7_cumule_493_3": 0.0, "8_A_493_3": 0.0, "9_BIENTOT_493_3": 0.0, "10_Vous_493_3": 0.0, "11_remercie_493_3": 0.0, "12_de_493_3": 0.0, "13_votre_493_3": 0.0, "14_visite_493_3": 0.0, "15_CARREFOUR_493_3": 0.0, "16_MARKET_493_3": 0.0, "17_AYTRE_493_3": 0.0, "18_repris_493_3": 0.0, "19_echange_493_3": 0.14285714285714285, "20_Solde_493_3": 0.0, "21_ni_493_3": 0.5, "22_ni_493_3": 0.0, "0_par_514_3": 0.0, "1_operation_514_3": 0.0, "2_Vignette(s)_514_3": 0.0, "3_avez_514_3": 0.0, "4_cumule_514_3": 0.0, "5_3.0_514_3": 0.0, "6_Bravo_514_3": 0.2, "7_vous_514_3": 0.0, "8_A_514_3": 0.0, "9_BIENTOT_514_3": 0.0, "10_votre_514_3": 0.0, "11_Vous_514_3": 0.25, "12_remercie_514_3": 0.0, "13_de_514_3": 0.0, "14_visite_514_3": 0.0, "15_CARREFOUR_514_3": 0.0, "16_AYTRE_514_3": 0.0, "17_MARKET_514_3": 0.0, "18_repris_514_3": 0.0, "19_echange_514_3": 0.0, "20_Solde_514_3": 0.0, "21_ni_514_3": 0.0, "22_ni_514_3": 0.0, "23_soumise_514_3": 0.0, "24_ni_514_3": 0.0, "25_23/02/2017_514_3": 0.0, "26_000132_514_3": 0.0, "27_16:47:32_514_3": 0.0, "28_0115_514_3": 0.0, "29_005_514_3": 0.3333333333333333, "30_30.08\u20ac_514_3": 0.3333333333333333, "31_CARTE_514_3": 0.0, "32_BANCAIRE_514_3": 0.125, "33_EMV_514_3": 0.3333333333333333, "34_EUR_514_3": 0.0, "0_Carte_370_2": 0.0, "1_CARTE_370_2": 0.0, "2_BANCAIRE_370_2": 0.0, "3_EMV_370_2": 0.3333333333333333, "4_EUR_370_2": 0.0, "5_59.11\u20ac_370_2": 0.3333333333333333, "6_ATICLE(S)_370_2": 0.1111111111111111, "7_19_370_2": 0.0, "8_TOTAL_370_2": 0.2, "9_A_370_2": 0.0, "10_PAYER_370_2": 0.0, "11_59.11\u20ac_370_2": 0.3333333333333333, "12_*X4_370_2": 1.0, "13_AM_370_2": 0.5, "14_MAGNUM_370_2": 0.6666666666666666, "15_NDE_370_2": 0.6666666666666666, "16_3.11\u20ac_370_2": 0.4, "17_*TOMATES_370_2": 0.375, "18_BQ_370_2": 0.5, "19_BIC_370_2": 0.3333333333333333, "20_500GR_370_2": 0.4, "21_2.95\u20ac_370_2": 0.4, "22_*PREFO_370_2": 0.3333333333333333, "23_CHEURE_370_2": 0.0, "24_4.80\u20ac_370_2": 0.4, "25_*POIVR_370_2": 0.16666666666666666, "26_NS_370_2": 1.0, "27_0.99\u20ac_370_2": 0.6, "0_Tel_7_0": 0.0, "1_17000_7_0": 0.0, "2_LA_7_0": 0.0, "3_ROCHELLE_7_0": 0.0, "4_33_7_0": 0.0, "5_RUE_7_0": 0.0, "6_SCIERIE_7_0": 0.0, "7_DE_7_0": 0.0, "8_LA_7_0": 0.5, "9_CRF-CITY_7_0": 0.0, "10_LA_7_0": 0.0, "11_ROCHELLE_7_0": 0.0, "0_sur_799_2": 0.0, "1_cultura.com_799_2": 0.09090909090909091, "2_24/24_799_2": 0.0, "3_Retrouvez_799_2": 0.0, "4_nos_799_2": 0.0, "5_offres_799_2": 0.0, "6_8000_799_2": 0.25, "7_78_799_2": 1.5, "8_6000_799_2": 0.25, "9_7410_799_2": 0.25, "10_8953_799_2": 0.5, "11_A_799_2": 1.0, "12_:_799_2": 1.0, "13_14:49:32_799_2": 0.0, "14_89537_799_2": 0.0, "15_TICKET_799_2": 0.0, "16_10/01/2017_799_2": 0.0, "17_:_799_2": 1.0, "18_073_799_2": 0.0, "19_-08_799_2": 0.3333333333333333, "20_LE_799_2": 0.0, "21_CAISSE_799_2": 0.0, "22_:_799_2": 1.0, "23_Nombre_799_2": 0.0, "24_retours_799_2": 0.0, "25_de_799_2": 0.0, "26_0_799_2": 0.0, "27_:_799_2": 2.0, "28_Nombre_799_2": 0.0, "29_d'articles_799_2": 0.0, "30_1_799_2": 0.0, "0_01/02/2017_45_1": 0.0, "1_0012_45_1": 0.0, "2_004_45_1": 0.0, "3_000107_45_1": 0.0, "4_12:10:53_45_1": 0.0, "5_CB_45_1": 0.0, "6_EMV_45_1": 0.0, "7_SANS_45_1": 0.0, "8_CONTACT_45_1": 0.0, "9_EUR_45_1": 0.0, "10_7.72\u20ac_45_1": 0.4, "11_(S)_45_1": 1.0, "12_5_45_1": 0.0, "13_ARTICLE_45_1": 0.0, "14_PAYER_45_1": 0.0, "15_TOTAL_45_1": 0.0, "16_A_45_1": 0.0, "17_7.72\u20ac_45_1": 0.6, "18_*TABOULE_45_1": 0.125, "19_VOLAILLE_45_1": 0.125, "20_1.70\u20ac_45_1": 0.4, "21_*TAB_45_1": 0.25, "22_CHO_45_1": 0.0, "23_NR_45_1": 0.5, "24_CRF_45_1": 0.0, "25_BIO_45_1": 0.6666666666666666, "26_1.95\u20ac_45_1": 0.4, "27_*CAROTTE_45_1": 0.25, "28_RAPE_45_1": 0.0, "29_BIO_45_1": 0.6666666666666666, "30_1.60\u20ac_45_1": 0.4, "31_0.675kg_45_1": 0.0, "32_1.95\u20ac/kg_45_1": 0.125, "33_x_45_1": 0.0, "34_*BANANE_45_1": 0.0, "35_1.32\u20ac_45_1": 0.4, "36_*BAGUETTE_45_1": 0.1111111111111111, "37_PERENE_45_1": 0.0, "38_CERE_45_1": 0.0, "39_1.15\u20ac_45_1": 0.4, "0_01-03-2017_686_0": 0.0, "1_#0001_686_0": 0.0, "2_Caisse_686_0": 0.0, "3_1_686_0": 0.0, "4_compris_686_0": 0.0, "5_Prix_686_0": 0.0, "6_nets_686_0": 0.0, "7_15%_686_0": 0.0, "8_sur_686_0": 0.0, "9_H.T._686_0": 0.75, "10_RCS_686_0": 0.0, "11_PARIS_686_0": 0.2, "12_330_686_0": 0.0, "13_00015_686_0": 0.0, "14_B_686_0": 0.0, "15_440_686_0": 0.0, "16_553_686_0": 0.0, "17_Tel:_686_0": 0.0, "18_54_686_0": 0.0, "19_01_686_0": 1.0, "20_43_686_0": 0.0, "21_65_686_0": 0.0, "22_38_686_0": 0.0, "23_PARIS_686_0": 0.0, "24_75006_686_0": 0.0, "25_103_686_0": 0.0, "26_BOULEVARD_686_0": 0.0, "27_SAINT_686_0": 0.0, "28_GERMAIN_686_0": 0.0, "29_LE_686_0": 0.5, "0_DESCRIPTION_347_0": 0.0, "1_QTE_347_0": 1.0, "2_MONTANT_347_0": 0.42857142857142855, "3_:_347_0": 1.0, "4_Tel_347_0": 0.0, "5_17000_347_0": 0.0, "6_LA_347_0": 0.5, "7_ROCHELLE_347_0": 0.0, "8_33_347_0": 0.0, "9_RUE_347_0": 0.0, "10_DE_347_0": 0.0, "11_LA_347_0": 0.0, "12_SCIERIE_347_0": 0.0, "13_CRF-CITY_347_0": 0.0, "14_LA_347_0": 0.0, "15_ROCHELLE_347_0": 0.0, "0_MERCI_314_1": 0.0, "1_DE_314_1": 0.0, "2_VISITE_314_1": 0.0, "3_VOTRE_314_1": 0.0, "4_12/06/2017_314_1": 0.0, "5_004_314_1": 0.0, "6_000081_314_1": 0.0, "7_11:52:17_314_1": 0.0, "8_0007_314_1": 0.0, "9_CB_314_1": 1.0, "10_EMV_314_1": 0.0, "11_SANS_314_1": 0.0, "12_CONTACT_314_1": 0.0, "13_EUR_314_1": 0.0, "14_6.92\u20ac_314_1": 0.4, "15_(S)_314_1": 1.0, "16_3_314_1": 0.0, "17_ARTICLE_314_1": 0.0, "18_TOTAL_314_1": 0.0, "19_A_314_1": 0.0, "20_PAYER_314_1": 0.0, "21_6.92\u20ac_314_1": 0.4, "22_*DESS._314_1": 0.16666666666666666, "23_FRTS_314_1": 0.0, "24_POM/PEC/_314_1": 0.0, "25_1.68\u20ac_314_1": 0.4, "26_*25CL_314_1": 0.2, "27_INNOCENT_314_1": 0.375, "28_ANAN_314_1": 0.25, "29_2.20\u20ac_314_1": 0.4, "30_*250G_314_1": 0.4, "31_TABOULE_314_1": 0.0, "32_FRUIT_314_1": 0.0, "33_3.04\u20ac_314_1": 0.4, "0_Items,_receipt_00241_1": 0.3333333333333333, "1_6_receipt_00241_1": 1.0, "2_500_receipt_00241_1": 0.3333333333333333, "3_Sisa_receipt_00241_1": 0.5, "4_Bayar_receipt_00241_1": 0.0, "5_50,000_receipt_00241_1": 0.0, "6_Kupon_receipt_00241_1": 0.6, "7_Total_receipt_00241_1": 0.2, "8_4,500_receipt_00241_1": 0.2, "9_P.Rest_receipt_00241_1": 0.5, "10_10_receipt_00241_1": 2.5, "11_%_receipt_00241_1": 2.0, "12_Pembulatan_receipt_00241_1": 0.9, "13_1_receipt_00241_1": 2.0, "0_QTE_219_0": 1.0, "1_NONTANT_219_0": 0.14285714285714285, "2_DESCRIPTION_219_0": 0.0, "3_Aytre._219_0": 0.16666666666666666, "4_Gargot_219_0": 0.0, "5_Nicolas_219_0": 0.0, "6_17440_219_0": 0.0, "7_Rue_219_0": 0.0, "8_12h30_219_0": 0.0, "9_Dimanche_219_0": 0.0, "10_9h_219_0": 0.0, "11_a_219_0": 1.0, "12_20h00_219_0": 0.0, "13_au_219_0": 0.0, "14_Samedi_219_0": 0.0, "15_de_219_0": 0.0, "16_9h_219_0": 0.5, "17_a_219_0": 0.0, "18_:_219_0": 2.0, "19_Tel_219_0": 0.0, "20_0546457320_219_0": 0.0, "21_Carrefour_219_0": 0.0, "22_AYTRE_219_0": 0.0, "23_market_219_0": 0.0, "0_A_459_1": 0.0, "1_BIENTOT_459_1": 0.0, "2_DE_459_1": 0.0, "3_MERCI_459_1": 0.0, "4_VOTRE_459_1": 0.2, "5_VISITE_459_1": 0.0, "6_0004_459_1": 0.0, "7_02/03/2017_459_1": 0.0, "8_004_459_1": 0.3333333333333333, "9_000236_459_1": 0.16666666666666666, "10_13:34:46_459_1": 0.0, "11_CB_459_1": 0.0, "12_EMV_459_1": 0.3333333333333333, "13_EUR_459_1": 0.0, "14_SANS_459_1": 0.0, "15_CONTACT_459_1": 0.0, "16_1.40\u20ac_459_1": 0.4, "17_ARTICLE_459_1": 0.0, "18_(S)_459_1": 1.0, "19_TOTAL_459_1": 0.2, "20_A_459_1": 0.0, "21_PAYER_459_1": 0.0, "22_1.40\u20ac_459_1": 0.4, "23_*50CL_459_1": 0.0, "24_ARIZONA_459_1": 0.0, "25_1.40\u20ac_459_1": 0.4, "0_CASH_receipt_00234_1": 0.25, "1_50,000_receipt_00234_1": 0.0, "2_FRANKFRUT_receipt_00234_1": 0.0, "3_1_receipt_00234_1": 1.0, "4_SAUSAGE_receipt_00234_1": 0.2857142857142857, "5_ROLL_receipt_00234_1": 0.0, "6_12,000_receipt_00234_1": 0.0, "7_REDBEAN_receipt_00234_1": 0.0, "8_BREAD_receipt_00234_1": 0.2, "9_1_receipt_00234_1": 0.0, "10_9,000_receipt_00234_1": 0.0, "0_CASH_receipt_00133_1": 0.25, "1_50,000_receipt_00133_1": 0.16666666666666666, "0_:_286_0": 1.0, "1_Tel_286_0": 0.0, "2_ROCHELLE_286_0": 0.0, "3_LA_286_0": 0.5, "4_17000_286_0": 0.0, "5_SCIERIE_286_0": 0.0, "6_DE_286_0": 0.0, "7_LA_286_0": 0.0, "8_33_286_0": 0.0, "9_RUE_286_0": 0.0, "10_ROCHELLE_286_0": 0.0, "11_LA_286_0": 0.0, "12_CRF-CITY_286_0": 0.0, "0_BIENTOT_327_1": 0.0, "1_MERCI_327_1": 0.0, "2_DE_327_1": 0.0, "3_VOTRE_327_1": 0.0, "4_VISITE_327_1": 0.0, "5_0_327_1": 0.0, "6_06_327_1": 0.5, "7_003_327_1": 0.0, "8_000038_327_1": 0.0, "9_19/05/2017_327_1": 0.0, "10_11:54:19_327_1": 0.125, "11_CB_327_1": 0.0, "12_EMV_327_1": 0.6666666666666666, "13_CONTACT_327_1": 0.0, "14_SANS_327_1": 0.0, "15_EUR_327_1": 0.0, "16_8.06\u20ac_327_1": 0.4, "17_TOTAL_327_1": 0.0, "18_A_327_1": 1.0, "19_PAYER_327_1": 0.0, "20_8.06\u20ac_327_1": 0.4, "21_*VACHE_327_1": 0.3333333333333333, "22_BOIRE_327_1": 0.0, "23_YRT_327_1": 0.0, "24_A_327_1": 1.0, "25_1.92\u20ac_327_1": 0.4, "26_*1806_327_1": 0.2, "27_UINOA_327_1": 0.6, "28_BOULG_327_1": 0.0, "29_2.77\u20ac_327_1": 0.4, "30_*150G_327_1": 0.4, "31_DU_327_1": 1.0, "32_TR.POLAIR_327_1": 0.0, "33_3.37\u20ac_327_1": 0.4, "0_MAGASIN_758_3": 0.0, "1_DE_758_3": 0.0, "2_VOTRE_758_3": 0.2, "3_CARTE_758_3": 0.0, "4_AVEC_758_3": 0.0, "5_LA_758_3": 0.0, "6_PLUS_758_3": 0.0, "7_ET_758_3": 0.5, "8_TOUJOURS_758_3": 0.0, "0_Change:_receipt_00393_1": 0.2857142857142857, "1_75.000_receipt_00393_1": 1.0, "2_Tendered:_receipt_00393_1": 0.1111111111111111, "3_100.000_receipt_00393_1": 1.0, "4_Cash_receipt_00393_1": 0.5, "5_Total._receipt_00393_1": 0.0, "6_25.000_receipt_00393_1": 0.0, "7_Total_receipt_00393_1": 0.2, "8_Item:_receipt_00393_1": 0.8, "9_2_receipt_00393_1": 1.0, "10_0_receipt_00393_1": 2.0, "11_x1_receipt_00393_1": 1.0, "12_0_receipt_00393_1": 1.0, "13_6001-Plastic_receipt_00393_1": 0.5833333333333334, "14_Bag_receipt_00393_1": 0.3333333333333333, "15_Small_receipt_00393_1": 0.2, "16_25.000_receipt_00393_1": 0.16666666666666666, "17_x1_receipt_00393_1": 1.0, "18_25.000_receipt_00393_1": 0.3333333333333333, "19_4005-Maple_receipt_00393_1": 0.5, "20_glazed_receipt_00393_1": 0.3333333333333333, "0_1_receipt_00201_0": 1.0, "1_x_receipt_00201_0": 1.0, "2_0_receipt_00201_0": 2.0, "3_0_receipt_00201_0": 2.0, "4_*CARAMEL DIP*_receipt_00201_0": 0.07692307692307693, "5_x_receipt_00201_0": 1.0, "6_1_receipt_00201_0": 1.0, "7_23,000_receipt_00201_0": 0.16666666666666666, "8_23,000_receipt_00201_0": 0.0, "0_24H_794_5": 0.0, "1_24H_794_5": 0.3333333333333333, "2_SERVICE_794_5": 0.0, "3_STATION_794_5": 0.0, "4_BIENTOT_794_5": 0.14285714285714285, "5_A_794_5": 1.0, "6_CONFIANCE_794_5": 0.0, "7_MERCI_794_5": 0.0, "8_DE_794_5": 0.0, "9_VOTRE_794_5": 0.0, "10_VAUT_794_5": 1.0, "11_BON_794_5": 0.0, "12_DE_794_5": 0.0, "13_GARANTIE_794_5": 0.125, "14_CE_794_5": 0.0, "15_TICKET_794_5": 0.0, "16_T0115_794_5": 0.2, "17_CO07_794_5": 0.5, "18_00118_794_5": 0.0, "19_M09331_794_5": 0.16666666666666666, "20_14/01/2017_794_5": 0.0, "21_14:03:14_794_5": 0.0, "22_[-]_794_5": 0.6666666666666666, "23_[x]_794_5": 0.6666666666666666, "24_[-]_794_5": 1.0, "25_(-)_794_5": 1.0, "26_mois._794_5": 0.2, "27_la_794_5": 0.0, "28_fin_794_5": 0.0, "29_du_794_5": 0.0, "30_bonus_794_5": 0.0, "31_25%_794_5": 0.0, "32_toucher_794_5": 0.0, "33_votre_794_5": 0.0, "34_de_794_5": 0.0, "35_Ce_794_5": 0.0, "36_pour_794_5": 0.25, "37_mois-ci,_794_5": 0.875, "38_visites_794_5": 0.0, "39_encore_794_5": 0.0, "40_3_794_5": 1.0, "0_Change_receipt_00519_1": 0.5, "1_0_receipt_00519_1": 2.0, "2_DEBIT_receipt_00519_1": 1.0, "3_19.000_receipt_00519_1": 0.16666666666666666, "4_Total_receipt_00519_1": 0.2, "5_19.000_receipt_00519_1": 0.3333333333333333, "6_Subtotal_receipt_00519_1": 0.375, "7_19.000_receipt_00519_1": 0.0, "8_Kopi_receipt_00519_1": 1.0, "9_1_receipt_00519_1": 1.0, "10_Susu_receipt_00519_1": 0.5, "11_R_receipt_00519_1": 1.0, "12_19.000_receipt_00519_1": 0.16666666666666666, "0_A_451_2": 0.0, "1_BIENTOT_451_2": 0.0, "0_Cash_receipt_00438_1": 0.25, "1_100,000_receipt_00438_1": 0.2857142857142857, "2_Total_receipt_00438_1": 0.2, "3_97,500_receipt_00438_1": 0.0, "4_P.Rest_receipt_00438_1": 0.3333333333333333, "5_8,865_receipt_00438_1": 0.2, "6_10_receipt_00438_1": 0.0, "7_%_receipt_00438_1": 1.0, "8_-1_receipt_00438_1": 1.0, "9_Pembulatan_receipt_00438_1": 0.2, "10_88,636_receipt_00438_1": 0.0, "11_Total_receipt_00438_1": 0.0, "12_Sub_receipt_00438_1": 0.3333333333333333, "13_1_receipt_00438_1": 1.0, "14_18,182_receipt_00438_1": 0.0, "15_FFries_receipt_00438_1": 0.16666666666666666, "16_Large_receipt_00438_1": 0.0, "17_5,909_receipt_00438_1": 0.2, "18_1_receipt_00438_1": 1.0, "19_Perkedel_receipt_00438_1": 0.125, "20_8,636_receipt_00438_1": 0.2, "21_1_receipt_00438_1": 1.0, "22_MOCA_receipt_00438_1": 0.5, "23_FLT_receipt_00438_1": 0.3333333333333333, "24_OVLTIN_receipt_00438_1": 0.0, "25_30,455_receipt_00438_1": 0.3333333333333333, "26_1_receipt_00438_1": 1.0, "27_K.Chees_receipt_00438_1": 0.14285714285714285, "28_Chic_receipt_00438_1": 0.0, "29_RC_receipt_00438_1": 0.0, "30_6,818_receipt_00438_1": 0.2, "31_1_receipt_00438_1": 1.0, "32_Rice_receipt_00438_1": 0.0, "33_Organik_receipt_00438_1": 0.2857142857142857, "34_18,636_receipt_00438_1": 0.16666666666666666, "35_1_receipt_00438_1": 1.0, "36_H_receipt_00438_1": 0.0, "37_N_receipt_00438_1": 1.0, "38_Cheesy_receipt_00438_1": 0.16666666666666666, "39_Chic_receipt_00438_1": 0.25, "0_Rendez-vous_689_1": 0.0, "1_sur_689_1": 0.0, "2_surprises,_689_1": 0.0, "3_actualites,_689_1": 0.0, "4_idees_689_1": 0.0, "5_recettes._689_1": 0.0, "6_:_689_1": 1.0, "7_ions,_689_1": 0.2, "8_reduct_689_1": 0.0, "9_et_689_1": 0.0, "10_recevez_689_1": 0.0, "11_DE_689_1": 0.0, "12_FIDELITE_689_1": 0.0, "13_PROGRAMME_689_1": 0.0, "14_2_689_1": 0.0, "15_03.03.17_689_1": 0.0, "16_341317_689_1": 0.0, "17_EARN_689_1": 0.0, "18_16:51_689_1": 0.0, "19_Empl_689_1": 0.75, "20_Ticket_689_1": 0.0, "21_Caisse_689_1": 0.0, "22_Date_689_1": 0.0, "23_Heure_689_1": 0.0, "24_V1_689_1": 0.5, "25_12,61_689_1": 0.0, "26_0,69_689_1": 0.0, "27_13,30_689_1": 0.2, "28_5,5_689_1": 1.0, "29_%_689_1": 0.0, "30_Mt_689_1": 0.5, "31_TVA_689_1": 0.6666666666666666, "32_Mt_689_1": 1.0, "33_TTC_689_1": 1.0, "34_Mt_689_1": 0.5, "35_HT_689_1": 0.0, "36_13,30_689_1": 0.0, "37_CB_689_1": 0.0, "38_sans_689_1": 0.0, "39_contact_689_1": 0.0, "40_\u20ac_689_1": 0.0, "0_ _receipt_00380_0": 4.0, "0_4_614_0": 1.0, "1_11,60_614_0": 0.2, "2_2,90_614_0": 0.25, "3_\u20ac_614_0": 1.0, "4_e_614_0": 1.0, "5_GRIFFES_614_0": 0.0, "6_MUGUET_614_0": 0.16666666666666666, "7_3_614_0": 1.0, "8_PLANTES_614_0": 0.0, "9_FLEURS_614_0": 0.0, "10_&_614_0": 1.0, "11_>>>>_614_0": 0.5, "12_1_614_0": 3.0, "13_568870_614_0": 0.16666666666666666, "14_12:28_614_0": 0.0, "15_221_614_0": 1.0, "16_28/04/17_614_0": 0.125, "17_AG_614_0": 0.5, "18_Haure_614_0": 0.2, "19_Ticket_614_0": 0.0, "20_Operateur_614_0": 0.1111111111111111, "21_TPU_614_0": 0.6666666666666666, "22_Date_614_0": 0.0, "23_de_614_0": 0.0, "24_8h30_614_0": 0.25, "25_a_614_0": 1.0, "26_12h30_614_0": 0.0, "27_dimanche_614_0": 0.125, "28_Le_614_0": 0.0, "29_De_614_0": 0.0, "30_a_614_0": 1.0, "31_20h00_614_0": 0.0, "32_8h30_614_0": 0.5, "33_04.66.35.36.30_614_0": 0.0, "34_Tel_614_0": 0.0, "35_VERGEZE_614_0": 0.14285714285714285, "36_30310_614_0": 0.2, "37_Codognan_614_0": 0.25, "38_Route_614_0": 0.0, "39_de_614_0": 0.0, "0_CHANGE:_receipt_00099_1": 0.14285714285714285, "1_60,000_receipt_00099_1": 0.16666666666666666, "2_Cash:_receipt_00099_1": 0.0, "3_105,000_receipt_00099_1": 0.0, "4_Total:_receipt_00099_1": 0.0, "5_45,000_receipt_00099_1": 0.0, "6_Subtotal:_receipt_00099_1": 0.0, "7_40,910_receipt_00099_1": 0.0, "8_PB1:_receipt_00099_1": 0.25, "9_4,090_receipt_00099_1": 0.0, "10_No_receipt_00099_1": 0.5, "11_Ice_receipt_00099_1": 0.6666666666666666, "12_50%_receipt_00099_1": 0.0, "13_Bubbles_receipt_00099_1": 0.0, "14_3,000_receipt_00099_1": 0.0, "15_1X_receipt_00099_1": 0.5, "16_S-Hazelnut_receipt_00099_1": 0.1, "17_Milk_receipt_00099_1": 0.0, "18_Tea_receipt_00099_1": 0.0, "19_@20,000_receipt_00099_1": 0.14285714285714285, "20_23,000_receipt_00099_1": 0.0, "21_No_receipt_00099_1": 0.5, "22_Ice_receipt_00099_1": 0.6666666666666666, "23_50%_receipt_00099_1": 0.0, "0_SENSATIONS_799_0": 0.0, "1_BIE_799_0": 0.0, "2_(0)_799_0": 0.0, "3_COLLECTIF/_799_0": 0.2, "4_x1_799_0": 0.5, "5_recu_799_0": 0.25, "6_par_799_0": 0.0, "7_DEL_799_0": 0.0, "8_avez_799_0": 0.0, "9_ete_799_0": 0.0, "10_Vous_799_0": 0.25, "11_20h_799_0": 0.0, "12_lundi_799_0": 0.2, "13_de_799_0": 0.0, "14_20h_799_0": 0.0, "15_a_799_0": 1.0, "16_lundi_799_0": 0.0, "17_au_799_0": 0.0, "18_Du_799_0": 0.0, "19_Tel_799_0": 0.0, "20_:_799_0": 2.0, "21_50_799_0": 0.0, "22_46_799_0": 0.0, "23_35_799_0": 1.5, "24_50_799_0": 0.0, "25_05_799_0": 0.0, "26_jubile_799_0": 0.16666666666666666, "27_l'esprit_799_0": 0.125, "0_CASH_receipt_00773_1": 0.25, "1_50,000_receipt_00773_1": 0.0, "2_CUSTARD_receipt_00773_1": 0.14285714285714285, "3_BRIOCHE_receipt_00773_1": 0.2857142857142857, "4_1_receipt_00773_1": 1.0, "5_9,000_receipt_00773_1": 0.0, "6_CHOCO_receipt_00773_1": 0.2, "7_1_receipt_00773_1": 1.0, "8_CUSTARD_receipt_00773_1": 0.14285714285714285, "9_PASTRY_receipt_00773_1": 0.0, "10_12,000_receipt_00773_1": 0.0, "0_2.0_205_2": 0.0, "1_Bravo_205_2": 0.2, "2_vous_205_2": 0.0, "3_avez_205_2": 0.0, "4_cumulu_205_2": 0.3333333333333333, "5_Certe_205_2": 0.4, "6_CARREFOUR_205_2": 0.0, "7_Cartes_205_2": 0.0, "8_Bancaires_205_2": 0.1111111111111111, "9_27,20_205_2": 0.4, "10_13_205_2": 0.0, "11_ARTICLES_205_2": 0.0, "12_TOTAL_205_2": 0.0, "13_A_205_2": 0.0, "14_PAYER_205_2": 0.0, "15_TOTAL_205_2": 0.2, "16_DES_205_2": 0.0, "17_AVANTAGES_205_2": 0.1111111111111111, "18_JOUR_205_2": 0.0, "19_TOTAL_205_2": 0.0, "20_REMISE_205_2": 0.0, "21_IMMEDIATE_205_2": 0.0, "22_0,71-_205_2": 0.6, "23_13_205_2": 0.0, "24_ARTICLES_205_2": 0.0, "25_TOTAL_205_2": 0.0, "26_AVANT_205_2": 0.0, "27_27,91_205_2": 0.2, "28_REMISES_205_2": 0.0, "0_1.572_receipt_00135_1": 0.2, "1_PURCHASED:_receipt_00135_1": 0.6, "2_QUANTITY_receipt_00135_1": 0.875, "3_4,200_receipt_00135_1": 0.6, "4_Kembali:_receipt_00135_1": 1.0, "5_Uang_receipt_00135_1": 0.75, "6_60,000_receipt_00135_1": 1.0, "7_Tunai:_receipt_00135_1": 0.8333333333333334, "8_55,800_receipt_00135_1": 1.0, "9_BALANCE_receipt_00135_1": 0.14285714285714285, "10_DUE:_receipt_00135_1": 0.5, "11_34 -_receipt_00135_1": 1.0, "12_Rounding_receipt_00135_1": 1.0, "13_Simple_receipt_00135_1": 0.8333333333333334, "14_55,834_receipt_00135_1": 1.0, "15_TOTAL:_receipt_00135_1": 0.8333333333333334, "0_8.90\u20ac_257_4": 0.4, "1_3_257_4": 1.0, "2_SLIPS_257_4": 0.0, "3_TEX_257_4": 0.0, "4_8.90\u20ac_257_4": 0.4, "5_3_257_4": 1.0, "6_SLIPS_257_4": 0.0, "7_TEX_257_4": 0.0, "8_BALAI_257_4": 0.0, "9_FROTT_257_4": 0.0, "10_2.65\u20ac_257_4": 0.4, "11_6.59\u20ac_257_4": 0.4, "12_/_257_4": 1.0, "13_/_257_4": 1.0, "14_TOTAL_257_4": 0.0, "15_BEAUTE_257_4": 0.0, "16_SANTE_257_4": 0.0, "17_HYGIENE_257_4": 0.42857142857142855, "18_REMISE_257_4": 0.0, "19_-3.44\u20ac_257_4": 0.3333333333333333, "20_DEO_257_4": 0.3333333333333333, "21_BIL.S/S_257_4": 0.0, "22_PIV_257_4": 0.0, "23_6.88\u20ac_257_4": 0.4, "24_X2_257_4": 0.5, "25_1.30\u20ac_257_4": 0.4, "26_BTE_257_4": 0.0, "27_90_257_4": 0.5, "28_MOUCHOIRS_257_4": 0.2222222222222222, "29_ETUI_257_4": 0.0, "30_MINI_257_4": 0.5, "31_HOUCH_257_4": 0.8, "32_1.85\u20ac_257_4": 0.4, "33_15_257_4": 0.0, "34_ALIMENTAIRE_257_4": 0.0, "35_89.56\u20ac_257_4": 0.3333333333333333, "36_TOTAL_257_4": 0.0, "37_2.98\u20ac_257_4": 0.4, "38_XTREM_257_4": 0.0, "39_CHOCO_257_4": 0.0, "40_NOISET_257_4": 0.0, "41_GRAPPE_257_4": 0.0, "42_1.11\u20ac_257_4": 0.4, "43_TOHATE_257_4": 0.0, "44_2.00\u20ac_257_4": 0.4, "45_TOMA.CERISE_257_4": 0.09090909090909091, "46_MELANG_257_4": 0.3333333333333333, "47_TARTINE_257_4": 0.0, "48_CER._257_4": 0.0, "49_2.69\u20ac_257_4": 0.4, "50_CACAO_257_4": 0.2, "51_2.08\u20ac_257_4": 0.4, "52_FLAHBEE_257_4": 0.0, "53_GRAT_257_4": 0.25, "54_TARTE_257_4": 0.0, "0_DESCRIPTION_285_0": 0.0, "1_QTE_285_0": 0.3333333333333333, "2_MONTANT_285_0": 0.14285714285714285, "3_:_285_0": 2.0, "4_Tel_285_0": 0.0, "5_17000_285_0": 0.0, "6_33_285_0": 0.0, "7_RUE_285_0": 0.0, "8_DE_285_0": 0.0, "9_LA_285_0": 0.0, "10_SCIERIE_285_0": 0.2857142857142857, "11_CRF-CITY_285_0": 0.0, "12_LA_285_0": 0.0, "13_ROCHELLE_285_0": 0.0, "0_:_526_0": 1.0, "1_Tel_526_0": 0.0, "2_45000_526_0": 0.0, "3_ORLEANS_526_0": 0.0, "4_1,_526_0": 1.0, "5_RUE_526_0": 0.0, "6_DU_526_0": 1.0, "7_GRENIER_526_0": 0.0, "8_A_526_0": 0.0, "9_SEL_526_0": 0.0, "10_CARREFOUR_526_0": 0.0, "11_CITY_526_0": 0.0, "12_ORLEANS_526_0": 0.0, "0_ _receipt_00056_0": 5.0, "0_repris_244_1": 0.0, "1_echange_244_1": 0.0, "2_Solde_244_1": 0.0, "3_ni_244_1": 0.0, "4_ni_244_1": 0.0, "5_000043_244_1": 0.16666666666666666, "6_0102_244_1": 0.0, "7_004_244_1": 0.0, "8_03/02/2017_244_1": 0.0, "9_18:57:52_244_1": 0.125, "10_CARTE_244_1": 0.0, "11_BANCAIRE_244_1": 0.0, "12_EMV_244_1": 0.0, "13_EUR_244_1": 0.0, "14_12.24\u20ac_244_1": 0.3333333333333333, "15_ARTICLE(S)_244_1": 0.0, "16_5_244_1": 0.0, "17_TOTAL_244_1": 0.0, "18_A_244_1": 0.0, "19_PAYER_244_1": 0.0, "20_12.24\u20ac_244_1": 0.3333333333333333, "21_TOTAL_244_1": 0.2, "22_ALIMENTAIRE_244_1": 0.0, "23_2.24\u20ac_244_1": 0.4, "24_SERRANO_244_1": 0.0, "25_10T.FIN_244_1": 0.0, "26_*FILET_244_1": 0.16666666666666666, "27_FUME_244_1": 0.25, "28_MIGNON_244_1": 0.5, "29_2.07\u20ac_244_1": 0.4, "30_*COPPA_244_1": 0.16666666666666666, "31_CRF_244_1": 0.0, "32_100G_244_1": 0.25, "33_2.03\u20ac_244_1": 0.4, "34_*BRESAOLA_244_1": 0.0, "35_10TR_244_1": 0.0, "36_CRF_244_1": 0.0, "37_3.14\u20ac_244_1": 0.4, "38_PAVE_244_1": 0.0, "39_1.79\u20ac_244_1": 0.4, "40_*100G_244_1": 0.2, "41_POIUR.6T_244_1": 0.125, "0_36362_receipt_00503_0": 0.2, "1_TAX1_receipt_00503_0": 0.5, "2_ST_receipt_00503_0": 1.0, "3_RP36362_receipt_00503_0": 0.14285714285714285, "4_MDSE_receipt_00503_0": 0.25, "5_ST_receipt_00503_0": 0.0, "6_Tempe_receipt_00503_0": 0.0, "7_4545_receipt_00503_0": 0.25, "8_3x_receipt_00503_0": 0.0, "9_Rp 13635_receipt_00503_0": 1.0, "10_Ayam_receipt_00503_0": 0.5, "11_Grg_receipt_00503_0": 0.6666666666666666, "12_Kalasan_receipt_00503_0": 0.0, "13_1x_receipt_00503_0": 0.5, "14_22727_receipt_00503_0": 0.4, "15_Rp 22727_receipt_00503_0": 0.375, "0_BIENTOT_396_1": 0.0, "1_MERCI_396_1": 0.0, "2_DE_396_1": 0.0, "3_VOTRE_396_1": 0.0, "4_VISITE_396_1": 0.0, "5_0004_396_1": 0.0, "6_004_396_1": 0.0, "7_000214_396_1": 0.0, "8_27/04/2017_396_1": 0.2, "9_17:46:28_396_1": 0.0, "10_Monnaie_396_1": 0.0, "11_-0.35\u20ac_396_1": 0.3333333333333333, "12_Votre_396_1": 0.0, "13_ESPECES_396_1": 0.0, "14_0.50\u20ac_396_1": 0.4, "15_EUR_396_1": 0.0, "16_ARTICLE(S)_396_1": 0.0, "17_TOTAL_396_1": 0.0, "18_A_396_1": 1.0, "19_PAYER_396_1": 0.0, "20_0.15\u20ac_396_1": 0.4, "21_*SAC_396_1": 0.0, "22_POIGN_396_1": 0.2, "23_0.15\u20ac_396_1": 0.4, "24_QTE_396_1": 1.0, "25_DESCRIPTION_396_1": 0.0, "26_NONTANT_396_1": 0.2857142857142857, "0_10765_735_2": 0.2, "1_1_735_2": 1.0, "2_75_735_2": 0.0, "3_lie a_735_2": 0.6, "4_un_735_2": 0.0, "5_abonnement_735_2": 0.0, "6_consommable_735_2": 0.0, "7_ou_735_2": 0.0, "8_Alimentaire,_735_2": 0.0, "9_Beaute,_735_2": 0.0, "10_Hygiene,_735_2": 0.0, "11_:_735_2": 1.0, "12_produits_735_2": 0.0, "13_reprise_735_2": 0.0, "14_sur_735_2": 0.0, "15_les_735_2": 0.0, "16_suivants_735_2": 0.0, "17_Aucune_735_2": 0.0, "18_NON_735_2": 0.0, "19_d'origine_735_2": 0.0, "20_NON_735_2": 0.0, "21_UTILISE_735_2": 0.0, "22_1'emballage_735_2": 0.0, "23_ticket_735_2": 0.0, "24_de_735_2": 0.0, "25_caisse_735_2": 0.0, "26_et_735_2": 0.0, "27_dans_735_2": 0.0, "28_jours_735_2": 0.0, "29_rembourse_735_2": 0.0, "30_muni_735_2": 0.0, "31_du_735_2": 0.0, "32_Article_735_2": 0.0, "33_sous_735_2": 0.0, "34_15_735_2": 0.0, "35_Merci_735_2": 0.0, "36_de_735_2": 0.0, "37_votre_735_2": 0.0, "38_visite._735_2": 0.0, "39_la_735_2": 0.0, "40_garantie_735_2": 0.0, "41_produit._735_2": 0.0, "42_valoir_735_2": 0.0, "43_de_735_2": 0.0, "44_votre_735_2": 0.0, "45_pour_735_2": 0.0, "46_faire_735_2": 0.0, "47_Gardez_735_2": 0.0, "48_votre_735_2": 0.0, "49_ticket_735_2": 0.0, "50_de_735_2": 0.0, "51_caisse_735_2": 0.0, "0_fidelite,_142_1": 0.0, "1_aviez_142_1": 0.0, "2_la_142_1": 0.0, "3_carte_142_1": 0.0, "4_CARTE_142_1": 0.0, "5_BANCAIRE_142_1": 0.0, "6_EMV_142_1": 0.3333333333333333, "7_EUR_142_1": 0.0, "8_13.77\u20ac_142_1": 0.3333333333333333, "9_ARTICLE_142_1": 0.0, "10_(S)_142_1": 0.6666666666666666, "11_TOTAL_142_1": 0.0, "12_A_142_1": 0.0, "13_PAYER_142_1": 0.0, "14_13.77\u20ac_142_1": 0.3333333333333333, "15_PIZZA_142_1": 0.8, "16_JBN_142_1": 0.3333333333333333, "17_FROMAGE_142_1": 0.14285714285714285, "18_1.17\u20ac_142_1": 0.4, "19_NEMS_142_1": 0.0, "20_PORC+SAUCE_142_1": 0.0, "21_2.98\u20ac_142_1": 0.4, "22_EMMENTAL_142_1": 0.125, "23_RAPE_142_1": 0.0, "24_CRF_142_1": 0.0, "25_1.57\u20ac_142_1": 0.4, "26_BISC.PT_142_1": 0.0, "27_DEJ.CRF_142_1": 0.0, "28_1.64e_142_1": 0.4, "29_500G_142_1": 0.25, "30_PAIN_142_1": 0.5, "31_DE_142_1": 0.0, "32_MIE_142_1": 0.3333333333333333, "33_1.17\u20ac_142_1": 0.4, "34_TORT_142_1": 0.0, "35_250G_142_1": 0.25, "36_RICOTTA_142_1": 0.0, "37_3.216_142_1": 0.4, "38_200G_142_1": 0.25, "39_CHOCO_142_1": 0.0, "40_MOO00_142_1": 0.6, "41_M_142_1": 1.0, "42_2.03\u20ac_142_1": 0.4, "0_MERCI_112_2": 0.0, "1_DE_112_2": 0.0, "2_VOTRE_112_2": 0.0, "3_VISITE_112_2": 0.0, "0_:_189_0": 1.0, "1_Tel_189_0": 0.0, "2_17340_189_0": 0.0, "3_CHATELAILLON_189_0": 0.0, "4_38_189_0": 0.0, "5_BLD_189_0": 0.0, "6_LIBERATION_189_0": 0.0, "7_DE_189_0": 0.0, "8_LA_189_0": 0.0, "9_CRF-CITY_189_0": 0.0, "10_CHATELAILLON_189_0": 0.0, "0_Change_receipt_00123_1": 0.5, "1_18,000_receipt_00123_1": 0.0, "2_CASH_receipt_00123_1": 0.5, "3_50,000_receipt_00123_1": 0.16666666666666666, "4_TOTAL_receipt_00123_1": 0.0, "5_PB1_receipt_00123_1": 1.0, "6_10%_receipt_00123_1": 0.3333333333333333, "7_2,909_receipt_00123_1": 0.4, "8_SUBTOTAL_receipt_00123_1": 0.125, "9_29,090_receipt_00123_1": 0.5, "10_1_receipt_00123_1": 1.0, "11_Ketoprak_receipt_00123_1": 0.5, "12_SPC_receipt_00123_1": 0.3333333333333333, "13_29,090_receipt_00123_1": 0.8333333333333334, "0_ _receipt_00571_0": 1.0, "0_BIENTOT_633_2": 0.14285714285714285, "1_MERCI_633_2": 0.2, "2_ET_633_2": 0.0, "3_A_633_2": 0.0, "4_Maverick_633_2": 0.0, "5_Utl:_633_2": 0.25, "6_10,98_633_2": 0.0, "7_5,50_633_2": 0.5, "8_0,60_633_2": 0.25, "9_11,5_633_2": 1.0, "0_DESCRIPTION_454_0": 0.0, "1_QTE_454_0": 1.0, "2_MONTANT_454_0": 0.14285714285714285, "3_:_454_0": 1.0, "4_Tel_454_0": 0.0, "5_17000_454_0": 0.0, "6_LA_454_0": 0.0, "7_ROCHELLE_454_0": 0.0, "8_33_454_0": 0.0, "9_RUE_454_0": 0.0, "10_DE_454_0": 0.0, "11_LA_454_0": 0.0, "12_SCIERIE_454_0": 0.0, "13_CRF-CITY_454_0": 0.0, "14_LA_454_0": 0.5, "15_ROCHELLE_454_0": 0.0, "0_Vignette(s)_214_4": 0.0, "1_par_214_4": 0.0, "2_operation_214_4": 0.0, "3_Bravo_214_4": 0.0, "4_vous_214_4": 0.0, "5_avez_214_4": 0.0, "6_cumule_214_4": 0.0, "7_12._214_4": 0.0, "8_BIENTOT_214_4": 0.0, "9_A_214_4": 1.0, "10_Vous_214_4": 0.0, "11_remercie_214_4": 0.0, "12_de_214_4": 0.0, "13_votre_214_4": 0.0, "14_visite_214_4": 0.0, "15_CARREFOUR_214_4": 0.0, "16_MARKET_214_4": 0.0, "17_AYTRE_214_4": 0.0, "18_0122_214_4": 0.0, "19_25/11/2016_214_4": 0.0, "20_006_214_4": 0.3333333333333333, "21_000105_214_4": 0.0, "22_18:35:27_214_4": 0.125, "0_DESCRIPTION_491_0": 0.0, "1_QTE_491_0": 1.0, "2_MONTANT_491_0": 0.14285714285714285, "3_Gargot_491_0": 0.0, "4_Aytre._491_0": 0.3333333333333333, "5_Rue_491_0": 0.0, "6_Nicolas_491_0": 0.0, "7_17440_491_0": 0.0, "8_Dimanche_491_0": 0.0, "9_9h_491_0": 0.5, "10_a_491_0": 0.0, "11_12h30_491_0": 0.0, "12_9h_491_0": 0.5, "13_au_491_0": 0.0, "14_Lundi_491_0": 0.0, "15_Samedi_491_0": 0.0, "16_de_491_0": 0.0, "17_a_491_0": 0.0, "18_20h00_491_0": 0.2, "19_Tel_491_0": 0.0, "20_0546457320_491_0": 0.0, "21_Carrefour_491_0": 0.0, "22_market_491_0": 0.0, "23_AYTRE_491_0": 0.0, "0_25%_receipt_00645_0": 0.3333333333333333, "1_25,000_receipt_00645_0": 0.16666666666666666, "2_Macchiat_receipt_00645_0": 0.25, "3_@25,000_receipt_00645_0": 0.14285714285714285, "4_1X_receipt_00645_0": 1.0, "5_S-KOI_receipt_00645_0": 0.6, "6_Cafe_receipt_00645_0": 0.0, "7_25%_receipt_00645_0": 0.0, "8_@22,000_receipt_00645_0": 0.14285714285714285, "9_44,000_receipt_00645_0": 0.0, "10_2X_receipt_00645_0": 1.0, "11_Macchiat_receipt_00645_0": 0.0, "12_S-Ovaltine_receipt_00645_0": 0.0, "0_0_665_2": 1.0, "1_5_665_2": 0.0, "2_*T00_665_2": 1.0, "3_0_665_2": 1.0, "4_0_665_2": 2.0, "5_079_665_2": 1.0, "6_11_665_2": 1.0, "7_2_665_2": 1.0, "8_*_665_2": 1.0, "9_Merci._665_2": 0.0, "10_A_665_2": 0.0, "11_bientot_665_2": 0.0, "12_9h_665_2": 0.5, "13_-19h_665_2": 0.0, "14_du_665_2": 0.0, "15_lundi_665_2": 0.2, "16_au_665_2": 0.0, "17_samedi_665_2": 0.0, "18_magasin_665_2": 0.0, "19_Le_665_2": 0.0, "20_est_665_2": 0.0, "21_ouvert_665_2": 0.0, "22_5.50_665_2": 0.0, "23_%_665_2": 0.0, "24_10.73_665_2": 0.0, "25_0.59_665_2": 0.0, "26_TVA_665_2": 0.0, "27_Ht_665_2": 0.0, "28_Tva_665_2": 0.0, "29_Especes_665_2": 0.0, "30_11.32\u20ac_665_2": 0.3333333333333333, "0_:_455_0": 1.0, "1_Tel_455_0": 0.0, "2_ROCHELLE_455_0": 0.0, "3_17000_455_0": 0.0, "4_LA_455_0": 0.5, "5_LA_455_0": 1.0, "6_33_455_0": 0.0, "7_RUE_455_0": 0.0, "8_DE_455_0": 0.0, "9_SCIERIE_455_0": 0.0, "10_CRF-CITY_455_0": 0.0, "11_LA_455_0": 0.5, "12_ROCHELLE_455_0": 0.0, "0_100.000_receipt_00493_0": 0.0, "1_Bayar_receipt_00493_0": 0.0, "2_Kcl_receipt_00493_0": 0.6666666666666666, "3_0_receipt_00493_0": 0.0, "4_*PlastiK_receipt_00493_0": 0.25, "5_1_receipt_00493_0": 0.0, "6_30.000_receipt_00493_0": 0.0, "7_1_receipt_00493_0": 0.0, "8_Small_receipt_00493_0": 0.0, "9_3_receipt_00493_0": 0.0, "10_11.000_receipt_00493_0": 0.0, "11_Large_receipt_00493_0": 0.0, "12_1_receipt_00493_0": 0.0, "13_1_receipt_00493_0": 2.0, "0_Again***_X00016469669_1": 0.0, "1_***Please_X00016469669_1": 0.0, "2_Come_X00016469669_1": 0.0, "3_You***_X00016469669_1": 0.5, "4_***Thank_X00016469669_1": 0.0, "5_Sold_X00016469669_1": 0.0, "6_are_X00016469669_1": 0.6666666666666666, "7_*Goods_X00016469669_1": 0.0, "8_:_X00016469669_1": 1.0, "9_Change_X00016469669_1": 0.0, "10_70.00_X00016469669_1": 0.0, "11_101.00_X00016469669_1": 0.0, "12_Cash_X00016469669_1": 0.0, "13_Received:_X00016469669_1": 0.1111111111111111, "14_31.00_X00016469669_1": 0.0, "15_Total_X00016469669_1": 0.0, "16_Amount:_X00016469669_1": 0.0, "17_:_X00016469669_1": 2.0, "18_31.00_X00016469669_1": 0.2, "19_Total_X00016469669_1": 0.2, "0_22,700_receipt_00156_1": 0.0, "1_CHANGE_receipt_00156_1": 0.0, "2_50,000_receipt_00156_1": 0.0, "3_CASH_receipt_00156_1": 0.0, "4_27,300_receipt_00156_1": 0.0, "5_TOTAL_receipt_00156_1": 0.0, "6_27,300_receipt_00156_1": 0.0, "7_SUBTOTAL_receipt_00156_1": 0.0, "8_4.00xITEMs_receipt_00156_1": 0.0, "9_SEDANG_receipt_00156_1": 0.0, "10_0_receipt_00156_1": 0.0, "11_PLASTIK_receipt_00156_1": 0.0, "12_@0_receipt_00156_1": 0.5, "13_1X_receipt_00156_1": 1.0, "14_-11,700_receipt_00156_1": 0.14285714285714285, "15_-30.000%_receipt_00156_1": 0.125, "16_ITEM_receipt_00156_1": 0.25, "17_DISC_receipt_00156_1": 0.0, "18_39,000_receipt_00156_1": 0.0, "19_KUKUS_receipt_00156_1": 0.0, "20_PX_receipt_00156_1": 0.0, "21_BOLU_receipt_00156_1": 0.0, "22_@13000_receipt_00156_1": 0.0, "23_3X_receipt_00156_1": 0.0, "0_26,000_receipt_00074_0": 0.16666666666666666, "1_CREAMCHEESE_receipt_00074_0": 0.18181818181818182, "2_PASTRY_receipt_00074_0": 0.16666666666666666, "3_2_receipt_00074_0": 0.0, "4_APPLE_receipt_00074_0": 0.2, "0_:_542_1": 1.0, "1_Carte_542_1": 0.0, "2_Votre_542_1": 0.0, "3_Monnaie_542_1": 0.0, "4_-4.00\u20ac_542_1": 0.3333333333333333, "5_ESPECES_542_1": 0.0, "6_EUR_542_1": 0.0, "7_10.11\u20ac_542_1": 0.3333333333333333, "8_3_542_1": 0.0, "9_ARTICLE_542_1": 0.0, "10_(S)_542_1": 1.3333333333333333, "11_TOTAL_542_1": 0.0, "12_A_542_1": 0.0, "13_PAYER_542_1": 0.0, "14_6.11\u20ac_542_1": 0.4, "15_0.182kg_542_1": 0.14285714285714285, "16_2.50\u20ac/kg_542_1": 0.125, "17_x_542_1": 0.0, "18_*F_542_1": 0.5, "19_POHME_542_1": 0.2, "20_ROYAL_542_1": 0.0, "21_GALA_542_1": 0.25, "22_0.45\u20ac_542_1": 0.4, "23_*280G_542_1": 0.4, "24_AIGUILLET_542_1": 0.1111111111111111, "25_POULE_542_1": 0.0, "26_4.05\u20ac_542_1": 0.4, "27_*200G_542_1": 0.4, "28_CAROTTE_542_1": 0.0, "29_RAPE_542_1": 0.0, "30_BI_542_1": 0.5, "31_1.60\u20ac_542_1": 0.4, "0_ _receipt_00142_0": 4.0, "0_DESCR_39_0": 0.6, "1_PTION_39_0": 0.0, "2_QTE_39_0": 1.0, "3_MONTANT_39_0": 0.0, "4_Tel_39_0": 0.0, "5_17000_39_0": 0.0, "6_LA_39_0": 0.0, "7_ROCHELLE_39_0": 0.0, "8_33_39_0": 1.0, "9_RUE_39_0": 0.0, "10_DE_39_0": 0.5, "11_LA_39_0": 1.0, "12_SCIERIE_39_0": 0.0, "13_CRF-CITY_39_0": 0.0, "14_ROCHELLE_39_0": 0.0, "15_LA_39_0": 0.5, "0_3,70_763_0": 0.25, "1_EUR_763_0": 0.0, "2_B_763_0": 0.0, "3_BRIOCHIN_763_0": 0.0, "4_NOIR_763_0": 0.0, "5_SAVON_763_0": 0.0, "6_6,00_763_0": 0.25, "7_B_763_0": 0.0, "8_MENAGE_763_0": 0.0, "9_EUR_763_0": 0.3333333333333333, "10_FOIRE_763_0": 0.0, "11_AU_763_0": 1.0, "12_6,00_763_0": 0.25, "13_EUR_763_0": 0.0, "14_B_763_0": 0.0, "15_MENAGE_763_0": 0.0, "16_FOIRE_763_0": 0.2, "17_AU_763_0": 0.0, "18_3,05_763_0": 0.0, "19_B_763_0": 0.0, "20_EUR_763_0": 0.0, "21_BARANNE_763_0": 0.0, "22_BRILLETTE_763_0": 0.0, "23_NO_763_0": 0.0, "24_:_763_0": 1.0, "25_TEL_763_0": 0.0, "26_AIGREFEUILLE_763_0": 0.08333333333333333, "27_17290_763_0": 0.6, "28_RENAISSANCE_763_0": 0.09090909090909091, "29_DE_763_0": 0.0, "30_LA_763_0": 0.0, "31_PLACE_763_0": 0.0, "32_CAP:56000E_763_0": 0.2, "33_SAPAGE_763_0": 0.0, "34_SAS_763_0": 0.0, "0_CHANGE_receipt_00137_1": 0.16666666666666666, "1_0.00_receipt_00137_1": 1.0, "2_TOTAL_receipt_00137_1": 0.2, "3_BAYAR_receipt_00137_1": 0.2, "4_88,000.00_receipt_00137_1": 0.1111111111111111, "5_GRAND_receipt_00137_1": 0.0, "6_TOTAL_receipt_00137_1": 0.0, "7_88,000.00_receipt_00137_1": 0.0, "8_8,000.00_receipt_00137_1": 0.25, "9_TAX_receipt_00137_1": 0.6666666666666666, "10_DISCOUNT_receipt_00137_1": 0.0, "11_0.00_receipt_00137_1": 0.25, "12_TOTAL_receipt_00137_1": 0.0, "13_80,000.00_receipt_00137_1": 0.0, "14_0.00_receipt_00137_1": 0.25, "15_0.00_receipt_00137_1": 0.25, "16_1_receipt_00137_1": 1.0, "17_200 gr_receipt_00137_1": 0.3333333333333333, "18_Bag_receipt_00137_1": 0.3333333333333333, "19_FA-Polycello_receipt_00137_1": 0.16666666666666666, "20_80,000.00_receipt_00137_1": 0.0, "21_80,000.00_receipt_00137_1": 0.0, "22_1_receipt_00137_1": 1.0, "23_gr_receipt_00137_1": 1.0, "24_200_receipt_00137_1": 0.0, "25_Mix_receipt_00137_1": 0.6666666666666666, "26_FA-Cookies_receipt_00137_1": 0.5, "0_:_595_2": 1.0, "1_DIMANCHE_595_2": 0.0, "2_9h..._595_2": 0.2, "3_Des_595_2": 0.0, "4_08h-21h_595_2": 0.0, "5_0001_595_2": 0.25, "6_001_595_2": 0.0, "7_000225_595_2": 0.16666666666666666, "8_13/01/2017_595_2": 0.0, "9_15:47:30_595_2": 0.0, "10_produits_595_2": 0.0, "11_5%_595_2": 0.0, "12_Carrefou_595_2": 0.0, "13_0.10\u20ac_595_2": 0.4, "14_Details:_595_2": 0.0, "15_compte_595_2": 0.0, "16_votre_595_2": 0.0, "17_fidelite_595_2": 0.0, "18_Carrefour._595_2": 0.0, "19_auriez_595_2": 0.0, "20_cumule_595_2": 0.0, "21_vous_595_2": 0.25, "22_0.10\u20ac_595_2": 0.2, "23_sur_595_2": 0.0, "0_A_115_2": 0.0, "1_BIENTOT_115_2": 0.0, "2_MERCI_115_2": 0.0, "3_DE_115_2": 0.0, "4_VOTRE_115_2": 0.0, "5_VISITE_115_2": 0.0, "0_SANS_812_1": 0.5, "1_CONTACT_812_1": 0.0, "2_CARTE_812_1": 0.4, "3_BANCAIRE_812_1": 0.125, "4_0,81_812_1": 0.25, "5_4,86_812_1": 0.0, "6_TOTAL_812_1": 0.4, "7_4,05_812_1": 0.25, "8_4,86_812_1": 0.25, "9_0,81_812_1": 0.0, "10_20%_812_1": 0.0, "11_4,05_812_1": 0.25, "12_DETAILS_812_1": 0.2857142857142857, "13_Incl._812_1": 0.0, "14_TVA_812_1": 0.0, "15_TVA_812_1": 0.0, "16_Excl._812_1": 0.0, "17_4,86_812_1": 0.0, "18_PIN_812_1": 0.0, "19_MODE_812_1": 0.0, "20_DE_812_1": 0.0, "21_PAIEMENT_812_1": 0.125, "22_TOTAL_812_1": 0.0, "23_4,86_812_1": 0.25, "24_pure_812_1": 0.0, "25_invisible_812_1": 0.0, "26_spray_812_1": 0.0, "27_1,99_812_1": 0.75, "28_2561587_812_1": 0.0, "29_nivea_812_1": 0.0, "30_deo_812_1": 0.3333333333333333, "31_150m1_812_1": 0.2, "32_liquide_812_1": 0.42857142857142855, "33_0,69_812_1": 0.0, "34_2510777_812_1": 0.0, "35_vaisselle_812_1": 0.0, "36_500ml_812_1": 0.2, "37_70pcs_812_1": 0.2, "38_doux_812_1": 0.0, "39_blanc_812_1": 0.0, "40_0,79_812_1": 0.0, "41_2538287_812_1": 0.0, "42_mouchoirs_812_1": 0.0, "43_kleenex_812_1": 0.0, "44_boite_812_1": 0.0, "45_pack-5_812_1": 0.0, "46_66g_812_1": 0.0, "47_peppermint_812_1": 0.0, "0_MERCI_153_2": 0.0, "1_DE_153_2": 0.0, "2_VOTRE_153_2": 0.0, "3_VISITE_153_2": 0.0, "0_24,000_receipt_00650_1": 0.0, "1_CG_receipt_00650_1": 1.0, "2_100,000_receipt_00650_1": 0.14285714285714285, "3_CASH_receipt_00650_1": 0.0, "4_TL_receipt_00650_1": 1.0, "5_48,000_receipt_00650_1": 0.16666666666666666, "6_JUICE_receipt_00650_1": 0.0, "7_ORANGE_receipt_00650_1": 0.0, "8_24,000_receipt_00650_1": 0.0, "9_2X_receipt_00650_1": 0.0, "10_28,000_receipt_00650_1": 0.0, "0_ _receipt_00782_0": 2.0, "0_Sequence_654_1": 0.0, "1_No_654_1": 0.5, "2_00_654_1": 0.0, "3_TID_654_1": 0.0, "4_****6978_654_1": 0.5, "5_appliquant_654_1": 0.2, "6_MASTERCARD_654_1": 0.0, "7_JEUNE_654_1": 0.0, "8_d_654_1": 0.0, "9_Nom_654_1": 0.0, "10_AID_654_1": 0.0, "11_266533_654_1": 0.0, "12_Aut._654_1": 0.0, "13_Code_654_1": 0.0, "14_****86228_654_1": 0.4444444444444444, "15_MID_654_1": 0.0, "16_<I>_654_1": 0.0, "17_carte:_654_1": 0.0, "18_Numero_654_1": 0.16666666666666666, "19_de_654_1": 0.0, "20_\u20ac83.00_654_1": 0.0, "21_Mastercard_654_1": 0.0, "22_\u20ac83.00_654_1": 0.0, "23_Total_654_1": 0.0, "24_3.00_654_1": 0.0, "25_TRAINER_654_1": 0.0, "26_LINE_654_1": 0.0, "27_2622969_654_1": 0.14285714285714285, "28_7PK_654_1": 0.3333333333333333, "29_8.00_654_1": 0.0, "30_DBL_654_1": 0.0, "31_LAYER_654_1": 0.0, "32_CROSSB_654_1": 0.16666666666666666, "33_2564823_654_1": 0.0, "34_15.00_654_1": 0.0, "35_3811510_654_1": 0.0, "36_EMBROIDE_654_1": 0.125, "37_3/4_654_1": 0.3333333333333333, "38_SLV_654_1": 0.6666666666666666, "39_9.00_654_1": 0.0, "40_CLD_654_1": 0.0, "41_PRINT_654_1": 0.0, "42_BORDER_654_1": 0.0, "43_0770523_654_1": 0.0, "44_8.00_654_1": 0.0, "45_2564805_654_1": 0.0, "46_LAYER_654_1": 0.0, "47_CROSSB_654_1": 0.0, "48_DBL_654_1": 0.0, "49_11.00_654_1": 0.2, "50_PEPLUM_654_1": 0.0, "51_EMBROID_654_1": 0.0, "52_1788912_654_1": 0.0, "53_C_654_1": 0.0, "54_11.00_654_1": 0.0, "55_SHOULDER_654_1": 0.0, "56_SH_654_1": 0.0, "57_7674003_654_1": 0.0, "58_COLD_654_1": 0.75, "0_QTE_255_0": 0.0, "1_MONTANT_255_0": 0.2857142857142857, "2_DESCRIPTION_255_0": 0.0, "3_Gargot_255_0": 0.0, "4_Aytre._255_0": 0.0, "5_Rue_255_0": 0.0, "6_Nicolas_255_0": 0.0, "7_17440_255_0": 0.0, "8_Dimanche_255_0": 0.0, "9_9h_255_0": 0.5, "10_a_255_0": 0.0, "11_12h30_255_0": 0.0, "12_Lundi_255_0": 0.0, "13_Samedi_255_0": 0.16666666666666666, "14_au_255_0": 0.0, "15_de_255_0": 0.0, "16_9h_255_0": 0.5, "17_a_255_0": 0.0, "18_20h00_255_0": 0.0, "19_Tel_255_0": 0.0, "20_0546457320_255_0": 0.0, "21_Carrefour_255_0": 0.0, "22_market_255_0": 0.0, "23_AYTRE_255_0": 0.0, "0_A_98_1": 0.0, "1_BIENTOT_98_1": 0.0, "2_MERCI_98_1": 0.0, "3_DE_98_1": 0.0, "4_VOTRE_98_1": 0.0, "5_VISITE_98_1": 0.0, "6_0008_98_1": 0.0, "7_003_98_1": 0.0, "8_000251_98_1": 0.0, "9_23/01/2017_98_1": 0.0, "10_16:51:22_98_1": 0.0, "11_CB_98_1": 0.0, "12_EMV_98_1": 0.0, "13_SANS_98_1": 0.0, "14_CONTACT_98_1": 0.0, "15_EUR_98_1": 0.0, "16_2.30\u20ac_98_1": 0.4, "17_1_98_1": 0.0, "18_(S)_98_1": 0.6666666666666666, "19_ALTICLE_98_1": 0.2857142857142857, "20_TOTAL_98_1": 0.2, "21_A_98_1": 0.0, "22_PAYER_98_1": 0.0, "23_2.30\u20ac_98_1": 0.4, "24_*CLEMENTINES_98_1": 0.16666666666666666, "25_1KG_98_1": 0.3333333333333333, "26_2.30\u20ac_98_1": 0.4, "27_DESCRIPTION_98_1": 0.2727272727272727, "28_QTE_98_1": 0.0, "29_MONTANT_98_1": 0.42857142857142855, "0_Qty:_receipt_00064_1": 0.0, "1_262,000_receipt_00064_1": 0.0, "2_Amount:_receipt_00064_1": 0.0, "3_3_receipt_00064_1": 1.0, "4_160,000_receipt_00064_1": 0.0, "5_MU240036_receipt_00064_1": 0.0, "6_OIL_receipt_00064_1": 1.0, "7_100ML_receipt_00064_1": 0.0, "8_MUSTELA_receipt_00064_1": 0.0, "9_BABY_receipt_00064_1": 0.5, "10_58,000_receipt_00064_1": 0.16666666666666666, "11_SP200031_receipt_00064_1": 0.0, "12_(IRIS)_receipt_00064_1": 0.16666666666666666, "13_BP-0001_receipt_00064_1": 0.0, "14_/_receipt_00064_1": 1.0, "15_BREAST_receipt_00064_1": 0.0, "16_PADS_receipt_00064_1": 0.0, "17_SPECTRA_receipt_00064_1": 0.0, "0_CARTE_667_3": 0.0, "1_BANCA_667_3": 0.0, "2_RE_667_3": 0.5, "3_EUR_667_3": 0.0, "4_49.16\u20ac_667_3": 0.5, "5_24)_667_3": 0.0, "6_49.16\u20ac_667_3": 0.5, "7_points_667_3": 0.0, "8_Total_667_3": 0.0, "9_Points_667_3": 0.0, "10_115_667_3": 0.3333333333333333, "11_points_667_3": 0.0, "12_HARICOT_667_3": 0.7142857142857143, "13_AUCHAN_667_3": 0.0, "14_x_667_3": 1.0, "15_5_667_3": 1.0, "16_1_667_3": 0.0, "17_HARICOT_667_3": 0.0, "18_BLANCAX_667_3": 0.42857142857142855, "19_points_667_3": 0.0, "20_1_667_3": 0.0, "21_5_667_3": 1.0, "22_points_667_3": 0.0, "23_EPINARDS_667_3": 0.0, "24_HACHE_667_3": 0.0, "25_1_667_3": 0.0, "26_5_667_3": 1.0, "27_points_667_3": 0.0, "28_AUCHAN_667_3": 0.0, "29_HARICO1_667_3": 0.42857142857142855, "30_5_667_3": 1.0, "31_x_667_3": 3.0, "32_1_667_3": 0.0, "33_VER_667_3": 0.0, "34_points_667_3": 0.0, "35_HARICOT_667_3": 0.0, "36_5_667_3": 1.0, "37_EX_667_3": 1.0, "38_x_667_3": 1.0, "39_1_667_3": 0.0, "40_points_667_3": 0.0, "41_PETIT_667_3": 0.0, "42_POIS_667_3": 1.0, "43_CARO_667_3": 0.5, "44_5_667_3": 1.0, "45_x_667_3": 3.0, "46_1_667_3": 0.0, "47_points_667_3": 0.0, "48_BID1/2ECRE_667_3": 0.1, "49_60_667_3": 1.0, "50_LAIT_667_3": 0.25, "51_x_667_3": 1.0, "52_4_667_3": 0.0, "53_points_667_3": 0.0, "54_1_667_3": 0.0, "55_5_667_3": 1.0, "56_BRIE_667_3": 0.0, "57_200G_667_3": 0.25, "58_RAPEZ_667_3": 0.4, "59_EMMENTAL_667_3": 0.0, "60_points_667_3": 0.0, "61_10_667_3": 0.5, "0_+25%-_661_3": 0.2, "1_-BONUS_661_3": 0.16666666666666666, "2_1,73_661_3": 1.0, "3_DISPONIBLE_661_3": 0.1, "4_SOLDE_661_3": 0.0, "5_CARTE_661_3": 0.0, "6_FIDELITE_661_3": 0.0, "7_17,80_661_3": 0.0, "8_16,64_661_3": 0.2, "9_1,16_661_3": 0.25, "10_TOTAL_661_3": 0.0, "11_TVA_661_3": 0.0, "12_20,00%_661_3": 0.0, "13_0,34_661_3": 0.25, "14_B_661_3": 0.0, "15_1,72_661_3": 0.25, "16_2,06_661_3": 0.25, "17_5.50%_661_3": 0.0, "18_14,92_661_3": 0.2, "19_0,82_661_3": 0.25, "20_15.74_661_3": 0.2, "21_MT._661_3": 0.0, "22_MT._661_3": 0.0, "23_MT._661_3": 0.0, "24_CODE_661_3": 0.0, "25_HT_661_3": 0.5, "26_TTC_661_3": 1.0, "27_TVA_661_3": 0.0, "28_TVA_661_3": 0.6666666666666666, "0_2_752_0": 0.0, "1_x_752_0": 1.0, "2_2,88_752_0": 0.25, "3_\u20ac_752_0": 2.0, "4_5,76_752_0": 0.25, "5_\u20ac_752_0": 0.0, "6_SCHOKOBONS_752_0": 0.0, "7_KINDER_752_0": 0.0, "8_SACHET_752_0": 0.0, "9_200G_752_0": 0.25, "10_>>>_752_0": 1.0, "11_A_752_0": 1.0, "12_OFFRIR_752_0": 0.0, "13_23/07/16_752_0": 0.0, "14_104_752_0": 0.3333333333333333, "15_BK_752_0": 0.5, "16_19:05_752_0": 0.2, "17_226942_752_0": 0.0, "18_Operateur_752_0": 0.0, "19_Date_752_0": 0.0, "20_Heure_752_0": 0.0, "21_TPU_752_0": 1.0, "22_Ticket_752_0": 0.0, "23_TEL:_752_0": 0.0, "24_09.67.14.08.89_752_0": 0.0, "25_PARIS_752_0": 0.2, "26_75014_752_0": 0.0, "27_Rue_752_0": 0.0, "28_de_752_0": 0.0, "29_88_752_0": 1.0, "30_Tombe_752_0": 0.4, "31_la_752_0": 1.0, "32_Issoire_752_0": 0.0, "0_Details:_4_1": 0.0, "1_compte_4_1": 0.0, "2_Carrefour._4_1": 0.0, "3_votre_4_1": 0.0, "4_fidelite_4_1": 0.0, "5_auriez_4_1": 0.0, "6_cumule_4_1": 0.0, "7_0.30\u20ac_4_1": 0.4, "8_sur_4_1": 0.0, "9_vous_4_1": 0.0, "10_fidelite,_4_1": 0.0, "11_carte_4_1": 0.0, "12_vous_4_1": 0.0, "13_aviez_4_1": 0.0, "14_la_4_1": 0.0, "15_6.74\u20ac_4_1": 0.4, "16_CB_4_1": 0.0, "17_EMV_4_1": 0.0, "18_SANS_4_1": 0.0, "19_CONTACT_4_1": 0.0, "20_EUR_4_1": 0.0, "21_(S)_4_1": 0.6666666666666666, "22_PAYER_4_1": 0.0, "23_6.74\u20ac_4_1": 0.6, "24_2_4_1": 0.0, "25_ARTICLE_4_1": 0.0, "26_TOTAL_4_1": 0.6, "27_A_4_1": 0.0, "28_4.73\u20ac_4_1": 0.4, "29_*PARMENTIER_4_1": 0.0, "30_CANARD_4_1": 0.0, "31_2.01\u20ac_4_1": 0.4, "32_*856_4_1": 0.5, "33_VERRINE_4_1": 0.14285714285714285, "34_TIRAMI_4_1": 0.3333333333333333, "0_QTE_484_0": 1.0, "1_MONTANT_484_0": 0.42857142857142855, "2_DESCRIPTION_484_0": 0.0, "3_Gargot_484_0": 0.0, "4_Aytre._484_0": 0.16666666666666666, "5_Nicolas_484_0": 0.0, "6_17440_484_0": 0.0, "7_Rue_484_0": 0.0, "8_a_484_0": 0.0, "9_12h30_484_0": 0.0, "10_Dimanche_484_0": 0.0, "11_9h_484_0": 0.0, "12_Samedi_484_0": 0.0, "13_de_484_0": 0.0, "14_9h_484_0": 0.0, "15_a_484_0": 0.0, "16_20h00_484_0": 0.0, "17_Lundi_484_0": 0.0, "18_au_484_0": 0.0, "19_:_484_0": 2.0, "20_0546457320_484_0": 0.0, "21_Tel_484_0": 0.0, "22_Carrefour_484_0": 0.0, "23_market_484_0": 0.0, "24_AYTRE_484_0": 0.0, "0_22.000_receipt_00342_0": 0.16666666666666666, "1_22.000_receipt_00342_0": 0.16666666666666666, "2_x1_receipt_00342_0": 0.0, "3_Bun_receipt_00342_0": 0.3333333333333333, "4_1001-Choco_receipt_00342_0": 0.2, "0_/kg_803_0": 0.3333333333333333, "1_kg_803_0": 0.0, "2_18_803_0": 0.0, "3_21_803_0": 1.0, "4_22_803_0": 0.0, "5_TEL_803_0": 0.0, "6_06_803_0": 0.5, "7_26_803_0": 0.0, "8_17690_803_0": 0.0, "9_LES_803_0": 0.0, "10_SERRES_803_0": 0.0, "11_DES_803_0": 0.0, "12_ANGLOIS_803_0": 0.0, "0_2,29_644_0": 1.0, "1_2_644_0": 0.0, "2_lyo_644_0": 0.3333333333333333, "3_4,58_644_0": 0.25, "4_museau_644_0": 0.0, "5_A_644_0": 0.0, "6_Salade_644_0": 0.0, "7_de_644_0": 0.0, "8_EUR/kg_644_0": 0.16666666666666666, "9_0,666_644_0": 0.0, "10_kg_644_0": 0.5, "11_0,65_644_0": 0.25, "12_x_644_0": 1.0, "13_0,43_644_0": 0.25, "14_grappe_644_0": 0.0, "15_franca_644_0": 0.0, "16_A_644_0": 0.0, "17_Tomate_644_0": 0.0, "18_1,49_644_0": 0.25, "19_Rouge_644_0": 0.0, "20_A_644_0": 0.0, "21_Label_644_0": 0.0, "22_Oeufs_644_0": 0.0, "23_1,79_644_0": 1.0, "24_Mayonnaise_644_0": 0.0, "25_A_644_0": 0.0, "26_Benedicta_644_0": 0.0, "27_EUR_644_0": 0.0, "28_08h30-20h00_644_0": 0.0, "29_Lundi_644_0": 0.0, "30_Samedi_644_0": 0.0, "31_D'ANGELY_644_0": 0.125, "32_17400_644_0": 0.0, "33_ST_644_0": 0.0, "34_JEAN_644_0": 0.0, "35_Grenoblerie_644_0": 0.0, "36_I_644_0": 1.0, "37_ZA_644_0": 0.5, "38_la_644_0": 0.0, "39_D'ANGELY_644_0": 0.0, "40_3543_644_0": 0.0, "41_ST_644_0": 0.0, "42_JEAN_644_0": 0.0, "0_MERCI_606_1": 0.0, "1_DE_606_1": 0.0, "2_VOTRE_606_1": 0.0, "3_VISITE_606_1": 0.0, "4_10.00%_606_1": 0.0, "5_HT_606_1": 0.0, "6_A_606_1": 0.0, "7_TVA_606_1": 0.0, "8_25.73_606_1": 0.2, "9_2.57_606_1": 0.25, "10_TVA_606_1": 0.0, "11_10.00%_606_1": 0.0, "12_BOULE_606_1": 0.0, "13_2.50_606_1": 0.0, "14_2.50_606_1": 0.0, "15_6.10_606_1": 0.0, "16_CHOC_606_1": 0.0, "17_6.10_606_1": 0.0, "18_CAFE_606_1": 0.0, "19_champi_606_1": 0.16666666666666666, "20_gnons_606_1": 0.2, "21_**sup_606_1": 0.6, "22_1.00_606_1": 0.0, "23_1.00_606_1": 0.0, "24_9.20_606_1": 0.0, "25_9.20_606_1": 0.0, "26_FERMIERE_606_1": 0.0, "27_9.50_606_1": 0.0, "28_9.50_606_1": 0.0, "29_BAYONNE_606_1": 0.0, "0_Prix_778_2": 0.75, "1_Inclus_778_2": 0.0, "2_Net_778_2": 0.0, "3_Service_778_2": 0.0, "4_B448173765_778_2": 0.0, "5_RC_778_2": 0.0, "6_00018_778_2": 1.0, "0_A_445_2": 0.0, "1_BIENTOT_445_2": 0.14285714285714285, "2_MERCI_445_2": 0.0, "3_DE_445_2": 0.0, "4_VOTRE_445_2": 0.0, "5_VISITE_445_2": 0.0, "0_MEGA_receipt_00787_0": 0.25, "1_Discount_receipt_00787_0": 0.125, "2_3,350-_receipt_00787_0": 0.5, "3_WDH_receipt_00787_0": 1.0, "4_SUN_receipt_00787_0": 1.0, "5_GEL_receipt_00787_0": 0.6666666666666666, "6_40ML_receipt_00787_0": 1.0, "7_33,500_receipt_00787_0": 0.16666666666666666, "8_1X_receipt_00787_0": 1.0, "9_33,500_receipt_00787_0": 0.3333333333333333, "10_MEGA_receipt_00787_0": 0.75, "11_Discount_receipt_00787_0": 0.125, "12_2,590-_receipt_00787_0": 0.6666666666666666, "13_259_receipt_00787_0": 1.0, "14_TAMMIA_receipt_00787_0": 0.5, "15_25,900_receipt_00787_0": 0.16666666666666666, "16_25,900_receipt_00787_0": 0.5, "17_1X_receipt_00787_0": 1.0, "18_MEGA_receipt_00787_0": 0.5, "19_Discount_receipt_00787_0": 0.125, "20_3,890-_receipt_00787_0": 0.6666666666666666, "21_TOILETBRUSH102_receipt_00787_0": 0.2857142857142857, "22_38,900_receipt_00787_0": 0.16666666666666666, "23_LS_receipt_00787_0": 1.0, "24_38,900_receipt_00787_0": 0.0, "25_1X_receipt_00787_0": 1.0, "0_27.12.2016_695_1": 0.0, "1_01(3!048_695_1": 0.125, "2_9632_695_1": 0.0, "3_%_695_1": 0.0, "4_18:37_695_1": 0.0, "5_www.aldi.fr_695_1": 0.0, "6_SUR_695_1": 0.0, "7_MAGASINS_695_1": 0.0, "8_RETROUVEZ_695_1": 0.0, "9_ADRESSE_695_1": 0.0, "10_DE_695_1": 0.0, "11_TOUS_695_1": 0.75, "12_NOS_695_1": 0.3333333333333333, "13_L_695_1": 0.0, "14_VOUS_695_1": 0.75, "15_REMERCIE_695_1": 0.125, "16_DE_695_1": 0.0, "17_VOTRE_695_1": 0.0, "18_VISITE_695_1": 0.0, "19_ALDI_695_1": 0.0, "20_3_695_1": 0.0, "21_NOMBRE_695_1": 0.0, "22_ARTICLES_695_1": 0.0, "23_20,00%_695_1": 0.0, "24_0,99_695_1": 0.0, "25_0,16_695_1": 0.0, "26_0,83_695_1": 0.25, "27_4,68_695_1": 0.0, "28_B_695_1": 0.0, "29_0,24_695_1": 0.25, "30_5,50%_695_1": 0.0, "31_4,44_695_1": 0.25, "32_MONTANT_695_1": 0.0, "33_TVA_695_1": 0.0, "34_BRUT_695_1": 0.0, "35_Net_695_1": 0.0, "36_TVA_695_1": 0.0, "37_4,40_695_1": 0.0, "38_RETOUR_695_1": 0.0, "39_10,07_695_1": 0.0, "40_COMPTANT_695_1": 0.0, "0_(GST)_X51005365187_0": 0.0, "1_(GST)_X51005365187_0": 0.0, "2_Salesperson_X51005365187_0": 0.09090909090909091, "3_Ref_X51005365187_0": 0.3333333333333333, "4_Time._X51005365187_0": 0.2, "5_16.46.00_X51005365187_0": 0.0, "6_Cashier_X51005365187_0": 0.0, "7_F&P_X51005365187_0": 0.3333333333333333, "8_Date_X51005365187_0": 0.0, "9_02/03/2018_X51005365187_0": 0.0, "10_Doc_X51005365187_0": 0.0, "11_No_X51005365187_0": 0.0, "12_CS00110840_X51005365187_0": 0.4, "13_INVOICE_X51005365187_0": 0.0, "14_TAX_X51005365187_0": 0.0, "15_Reg_X51005365187_0": 0.0, "16_001880666112_X51005365187_0": 0.0, "17_GST_X51005365187_0": 0.3333333333333333, "18_NO_X51005365187_0": 0.0, "19_TEL_X51005365187_0": 0.0, "20_03-89599823_X51005365187_0": 0.09090909090909091, "21_SELANGOR_X51005365187_0": 0.0, "22_DARUL_X51005365187_0": 0.0, "23_EHSAN_X51005365187_0": 0.0, "24_KEMBANGAN._X51005365187_0": 0.1, "25_SEKSYEN_X51005365187_0": 0.0, "26_10._X51005365187_0": 0.3333333333333333, "27_43300_X51005365187_0": 0.0, "28_SERI_X51005365187_0": 0.25, "29_SERDANG,_X51005365187_0": 0.125, "30_JALAN_X51005365187_0": 0.0, "31_BS_X51005365187_0": 0.0, "32_106_X51005365187_0": 0.3333333333333333, "33_TAMAN_X51005365187_0": 0.0, "34_BUKIT_X51005365187_0": 0.0, "35_GROUND_X51005365187_0": 0.0, "36_FLOOR,_X51005365187_0": 0.16666666666666666, "37_NO.20,_X51005365187_0": 0.3333333333333333, "38_(002309592-P)_X51005365187_0": 0.07692307692307693, "39_F&P_X51005365187_0": 0.0, "0_MERCI_3_1": 0.0, "1_VOTRE_3_1": 0.0, "2_VISITE_3_1": 0.0, "3_DE_3_1": 0.0, "4_0(_3_1": 1.5, "5_06_3_1": 1.0, "6_01/03/2017_3_1": 0.0, "7_003_3_1": 0.0, "8_000093_3_1": 0.0, "9_11:58:39_3_1": 0.0, "10_CB_3_1": 2.5, "11_EMV_3_1": 0.6666666666666666, "12_SANS_3_1": 0.0, "13_CONTACT_3_1": 0.0, "14_EUR_3_1": 0.0, "15_14.11\u20ac_3_1": 0.3333333333333333, "16_TOTAL_3_1": 0.0, "17_A_3_1": 1.0, "18_PAYER_3_1": 0.0, "19_14.11\u20ac_3_1": 0.3333333333333333, "20_*NOUILIES_3_1": 0.2222222222222222, "21_THAI_3_1": 0.25, "22_PLT_3_1": 0.3333333333333333, "23_14.11\u20ac_3_1": 0.3333333333333333, "0_Details:_46_1": 0.0, "1_compte_46_1": 0.0, "2_votre_46_1": 0.0, "3_fidelite_46_1": 0.0, "4_Carrefour._46_1": 0.0, "5_auriez_46_1": 0.0, "6_cumule_46_1": 0.0, "7_0.45\u20ac_46_1": 0.4, "8_sur_46_1": 0.0, "9_vous_46_1": 0.0, "10_fidelite,_46_1": 0.0, "11_vous_46_1": 0.0, "12_aviez_46_1": 0.0, "13_carte_46_1": 0.0, "14_BANCAIRE_46_1": 0.0, "15_EMV_46_1": 0.0, "16_EUR_46_1": 0.0, "17_CARTE_46_1": 0.0, "18_5.34\u20ac_46_1": 0.4, "19_ALTICLE(S)_46_1": 0.2, "20_2_46_1": 0.0, "21_TOTAL_46_1": 0.8, "22_A_46_1": 1.0, "23_PAYER_46_1": 0.0, "24_5.34\u20ac_46_1": 0.4, "25_*CHAUS:_46_1": 0.2857142857142857, "26_AUX_46_1": 0.0, "27_POMMES_46_1": 0.3333333333333333, "28_ONS_46_1": 1.0, "29_1.60\u20ac_46_1": 0.4, "30_3.74\u20ac_46_1": 0.4, "31_*320G_46_1": 0.6, "32_(LD.MANHATTAN_46_1": 0.15384615384615385, "0_TOTAL_receipt_00316_1": 0.0, "1_505,428_receipt_00316_1": 0.14285714285714285, "2_45,948_receipt_00316_1": 0.0, "3_PB1_receipt_00316_1": 0.0, "4_10%_receipt_00316_1": 0.0, "5_SVC_receipt_00316_1": 1.0, "6_5%_receipt_00316_1": 0.0, "7_21,880_receipt_00316_1": 0.0, "8_SUBTTL_receipt_00316_1": 0.0, "9_437,600_receipt_00316_1": 0.0, "10_Gyoza_receipt_00316_1": 0.0, "11_Chicken_receipt_00316_1": 0.0, "12_*_receipt_00316_1": 0.0, "13_---_receipt_00316_1": 1.0, "14_Sukiyaki_receipt_00316_1": 0.0, "15_Beef_receipt_00316_1": 0.0, "16_Ramen_receipt_00316_1": 0.0, "17_Sh_receipt_00316_1": 0.0, "18_*_receipt_00316_1": 2.0, "19_---_receipt_00316_1": 1.0, "20_99,800_receipt_00316_1": 0.0, "21_Set_receipt_00316_1": 0.0, "22_1_receipt_00316_1": 0.0, "23_Beef_receipt_00316_1": 0.0, "24_A_receipt_00316_1": 0.0, "25_Special_receipt_00316_1": 0.0, "26_109,600_receipt_00316_1": 0.0, "27_2_receipt_00316_1": 0.0, "28_Chicken_receipt_00316_1": 0.0, "29_Shio_receipt_00316_1": 0.0, "30_54,800_receipt_00316_1": 0.0, "31_Special_receipt_00316_1": 0.0, "32_1_receipt_00316_1": 0.0, "33_Chicken_receipt_00316_1": 0.0, "34_Karamiso_receipt_00316_1": 0.0, "35_NUKE_receipt_00316_1": 0.0, "36_**_receipt_00316_1": 1.0, "37_=_receipt_00316_1": 1.0, "38_=_receipt_00316_1": 0.0, "39_---_receipt_00316_1": 0.6666666666666666, "40_Curry_receipt_00316_1": 0.0, "41_69,800_receipt_00316_1": 0.0, "42_1_receipt_00316_1": 0.0, "43_Chicken_receipt_00316_1": 0.0, "44_Kazan_receipt_00316_1": 0.0, "45_59,200_receipt_00316_1": 0.0, "46_Tea_receipt_00316_1": 0.0, "47_Lemon_receipt_00316_1": 0.0, "48_4_receipt_00316_1": 0.0, "49_44,400_receipt_00316_1": 0.0, "50_Peach_receipt_00316_1": 0.0, "51_Tea_receipt_00316_1": 0.0, "52_3_receipt_00316_1": 0.0, "0_ESPECES_640_1": 0.0, "1_0,00_640_1": 0.25, "2_EUR_640_1": 0.0, "3_RENDRE_640_1": 0.0, "4_0,00_640_1": 0.25, "5_EUR_640_1": 0.0, "6_A_640_1": 0.0, "7_Nombre_640_1": 0.0, "8_d'articles_640_1": 0.0, "9_vendus=_640_1": 0.0, "10_3_640_1": 0.0, "11_ESPECES_640_1": 0.0, "12_6,60_640_1": 0.25, "13_EUR_640_1": 0.0, "14_EUR_640_1": 0.0, "15_MONTANT_640_1": 0.0, "16_DU_640_1": 1.0, "17_BS_640_1": 0.0, "18_CONF_640_1": 0.0, "19_2,20_640_1": 0.25, "20_EUR_640_1": 0.0, "21_SPE_640_1": 0.0, "22_BLANC_640_1": 0.2, "23_1K_640_1": 1.5, "24_A_640_1": 0.0, "25_2,20_640_1": 0.25, "26_BS_640_1": 0.0, "27_SPE_640_1": 0.0, "28_CONF_640_1": 0.0, "29_BLANC_640_1": 0.0, "30_1K_640_1": 1.5, "31_EUR_640_1": 0.0, "32_A_640_1": 0.0, "33_2,20_640_1": 0.25, "34_BS_640_1": 0.0, "35_SPE_640_1": 0.0, "36_CONF_640_1": 0.0, "37_BLANC_640_1": 0.4, "38_1K_640_1": 1.5, "39_EUR_640_1": 0.3333333333333333, "40_A_640_1": 0.0, "41_TEL_640_1": 0.0, "42_ST_640_1": 1.0, "43_JEAN_640_1": 0.0, "44_D'ANGELY_640_1": 0.0, "45_17400_640_1": 0.0, "46_L'AUMONERIE_640_1": 0.18181818181818182, "47_ZAC_640_1": 0.0, "48_DE_640_1": 0.0, "49_SAS_640_1": 0.0, "50_JAYACO_640_1": 0.3333333333333333, "51_ENTREPRISE_640_1": 0.2, "52_INDEPENDANTE_640_1": 0.08333333333333333, "0_20,500_receipt_00602_0": 0.0, "1_BREAD_receipt_00602_0": 0.0, "2_PAN_receipt_00602_0": 0.0, "3_GRAINS_receipt_00602_0": 0.0, "4_1_receipt_00602_0": 1.0, "0_16,000_receipt_00065_1": 0.16666666666666666, "1_2_receipt_00065_1": 1.0, "2_PUDING_receipt_00065_1": 0.16666666666666666, "3_1_receipt_00065_1": 2.0, "4_TELUR_receipt_00065_1": 0.0, "5_TEH_receipt_00065_1": 0.6666666666666666, "6_25,000_receipt_00065_1": 0.3333333333333333, "7_1_receipt_00065_1": 0.0, "8_TERONG_receipt_00065_1": 0.0, "9_BELANDA_receipt_00065_1": 0.0, "10_20,000_receipt_00065_1": 0.0, "11_30,000_receipt_00065_1": 0.0, "12_6_receipt_00065_1": 1.0, "13_TEH_receipt_00065_1": 0.0, "14_2_receipt_00065_1": 0.0, "15_40,000_receipt_00065_1": 0.0, "16_GULAI_receipt_00065_1": 0.4, "17_TUNJANG_receipt_00065_1": 0.8571428571428571, "18_42,000_receipt_00065_1": 0.3333333333333333, "19_2_receipt_00065_1": 0.0, "20_AYAM_receipt_00065_1": 0.25, "21_POP_receipt_00065_1": 0.0, "22_2_receipt_00065_1": 0.0, "23_AYAM_receipt_00065_1": 0.5, "24_GORENG_receipt_00065_1": 0.16666666666666666, "25_40,000_receipt_00065_1": 0.8333333333333334, "26_AYAM_receipt_00065_1": 0.25, "27_PENYET_receipt_00065_1": 0.0, "28_1_receipt_00065_1": 2.0, "29_21,000_receipt_00065_1": 0.16666666666666666, "30_24,000_receipt_00065_1": 0.16666666666666666, "31_3_receipt_00065_1": 0.0, "32_LALAP_receipt_00065_1": 0.2, "33_SEGAR_receipt_00065_1": 0.0, "34_1_receipt_00065_1": 2.0, "35_SAMBAL_receipt_00065_1": 0.16666666666666666, "36_TRI_receipt_00065_1": 0.0, "37_BELAH_receipt_00065_1": 0.2, "38_18,000_receipt_00065_1": 1.0, "39_1_receipt_00065_1": 1.0, "40_BAKAR_receipt_00065_1": 0.0, "41_AYAM_receipt_00065_1": 0.25, "42_20,000_receipt_00065_1": 1.0, "43_20,000_receipt_00065_1": 0.0, "44_1_receipt_00065_1": 0.0, "45_GULAI_receipt_00065_1": 0.2, "46_OTAK_receipt_00065_1": 0.25, "47_23,000_receipt_00065_1": 0.0, "48_MUJAIR_receipt_00065_1": 0.5, "49_BAKAR_receipt_00065_1": 0.0, "50_1_receipt_00065_1": 1.0, "51_20,000_receipt_00065_1": 0.8333333333333334, "52_HATI_receipt_00065_1": 0.25, "53_1_receipt_00065_1": 1.0, "54_GULAI_receipt_00065_1": 0.2, "55_DAGING_receipt_00065_1": 0.0, "56_20,000_receipt_00065_1": 0.0, "57_1_receipt_00065_1": 0.0, "58_RENDANG_receipt_00065_1": 0.0, "59_3_receipt_00065_1": 0.0, "60_18,000_receipt_00065_1": 0.16666666666666666, "61_KERUPUK_receipt_00065_1": 0.2857142857142857, "62_KULIT_receipt_00065_1": 0.8, "63_4_receipt_00065_1": 1.0, "64_DENDENG_receipt_00065_1": 0.0, "65_BALADO_receipt_00065_1": 0.16666666666666666, "66_80,000_receipt_00065_1": 0.0, "67_1_receipt_00065_1": 1.0, "68_25,000_receipt_00065_1": 0.3333333333333333, "69_CUMI_receipt_00065_1": 0.5, "70_GULAI_receipt_00065_1": 0.2, "71_35,000_receipt_00065_1": 0.0, "72_1_receipt_00065_1": 2.0, "73_SATE_receipt_00065_1": 0.0, "74_PADANG_receipt_00065_1": 0.6666666666666666, "75_54,000_receipt_00065_1": 0.0, "76_PUTIH_receipt_00065_1": 0.6, "77_6_receipt_00065_1": 0.0, "78_NASI_receipt_00065_1": 0.5, "0_:_441_0": 1.0, "1_Tel_441_0": 0.0, "2_ROCHELLE_441_0": 0.0, "3_17000_441_0": 0.0, "4_LA_441_0": 0.5, "5_33_441_0": 0.0, "6_RUE_441_0": 0.0, "7_DE_441_0": 0.0, "8_LA_441_0": 0.0, "9_SCIERIE_441_0": 0.0, "10_CRF-CITY_441_0": 0.0, "11_ROCHELLE_441_0": 0.0, "12_LA_441_0": 0.0, "0_MONTANT_478_0": 0.2857142857142857, "1_QTE_478_0": 1.0, "2_DESCRIPTION_478_0": 0.0, "3_Aytre._478_0": 0.16666666666666666, "4_Gargot_478_0": 0.0, "5_17440_478_0": 0.0, "6_Nicolas_478_0": 0.0, "7_Rue_478_0": 0.0, "8_12h30_478_0": 0.0, "9_9h_478_0": 0.5, "10_Dimanche_478_0": 0.0, "11_20h00_478_0": 0.0, "12_a_478_0": 0.0, "13_9h_478_0": 1.0, "14_Samedi_478_0": 0.0, "15_de_478_0": 0.0, "16_au_478_0": 0.0, "17_Lundi_478_0": 0.0, "0_8.091_receipt_00334_1": 0.0, "1_PB_receipt_00334_1": 0.0, "2_1_receipt_00334_1": 2.0, "3_80.909_receipt_00334_1": 0.3333333333333333, "4_Subtotal_receipt_00334_1": 0.125, "5_14.545_receipt_00334_1": 0.16666666666666666, "6_Cincau_receipt_00334_1": 0.0, "7_1_receipt_00334_1": 1.0, "8_Es_receipt_00334_1": 0.0, "9_10.000_receipt_00334_1": 0.16666666666666666, "10_OTAK-OTAK_receipt_00334_1": 0.2222222222222222, "11_1/2_receipt_00334_1": 0.3333333333333333, "12_1_receipt_00334_1": 1.0, "13_56.364_receipt_00334_1": 0.0, "14_Jamur_receipt_00334_1": 0.4, "15_Ayam_receipt_00334_1": 0.25, "16_Kwetiaw_receipt_00334_1": 0.14285714285714285, "17_2_receipt_00334_1": 0.0, "0_ _receipt_00700_0": 2.0, "0_ _receipt_00273_0": 4.0, "0_0_receipt_00709_1": 0.0, "1_CHANGE_receipt_00709_1": 0.0, "2_1,579,190_receipt_00709_1": 0.2222222222222222, "3_Card_receipt_00709_1": 0.0, "4_1,579,190_receipt_00709_1": 0.1111111111111111, "5_TOTAL_receipt_00709_1": 0.0, "6_0_receipt_00709_1": 0.0, "7_Discount_receipt_00709_1": 0.0, "8_137,900_receipt_00709_1": 0.0, "9_Tax_receipt_00709_1": 0.3333333333333333, "10_94,290_receipt_00709_1": 0.0, "11_Service_receipt_00709_1": 0.14285714285714285, "12_1,347,000_receipt_00709_1": 0.0, "13_Sub_receipt_00709_1": 0.0, "14_Total_receipt_00709_1": 0.0, "15_NASI(GONGGI_receipt_00709_1": 0.09090909090909091, "16_BAB)_receipt_00709_1": 0.0, "17_30,000_receipt_00709_1": 0.16666666666666666, "18_2_receipt_00709_1": 0.0, "19_85,000_receipt_00709_1": 0.0, "20_BULGOGI_receipt_00709_1": 0.14285714285714285, "21_BIBIMBAB_receipt_00709_1": 0.0, "22_1_receipt_00709_1": 1.0, "23_20,000_receipt_00709_1": 0.0, "24_AQUA_receipt_00709_1": 0.0, "25_2_receipt_00709_1": 0.0, "26_( )_receipt_00709_1": 1.6666666666666667, "27_110,000_receipt_00709_1": 0.8571428571428571, "28_BIR_receipt_00709_1": 0.0, "29_BINTANG_receipt_00709_1": 0.0, "30_BOTOL_receipt_00709_1": 0.0, "31_2_receipt_00709_1": 0.0, "32_105,000_receipt_00709_1": 0.0, "33_PAJON_receipt_00709_1": 0.0, "34_1_receipt_00709_1": 0.0, "35_210,000_receipt_00709_1": 0.0, "36_CHAE_receipt_00709_1": 0.0, "37_JAP_receipt_00709_1": 0.0, "38_2_receipt_00709_1": 0.0, "0_TAILLEFINE_206_2": 0.0, "1_2,36_206_2": 0.5, "2_4_206_2": 1.0, "3_FRT_206_2": 0.0, "4_RGE_206_2": 0.6666666666666666, "5_4_206_2": 1.0, "6_DOLCE_206_2": 0.0, "7_GST_206_2": 0.3333333333333333, "8_NES_206_2": 0.0, "9_1286_206_2": 0.0, "10_3,59_206_2": 0.5, "11_4_206_2": 1.0, "12_CAFE_206_2": 0.0, "13_AMERICANO_206_2": 0.0, "14_4,59_206_2": 0.5, "15_2,30_206_2": 0.25, "16_4_206_2": 1.0, "17_RICORE_206_2": 0.0, "18_100G_206_2": 0.25, "19_4_206_2": 1.0, "20_314ML_206_2": 0.0, "21_PELE-MELE_206_2": 0.0, "22_0,90_206_2": 0.25, "23_CR_206_2": 0.5, "24_4_206_2": 1.0, "25_45CL_206_2": 0.75, "26_COEUR_206_2": 0.0, "27_2,85_206_2": 0.5, "28_PALMIER_206_2": 0.0, "29_4_206_2": 1.0, "30_425ML_206_2": 0.6, "31_C._206_2": 1.0, "32_ARTICH_206_2": 0.0, "33_CRF_206_2": 0.0, "34_2,78_206_2": 0.25, "35_1,03_206_2": 0.5, "36_4_206_2": 1.0, "37_37CL_206_2": 0.25, "38_SALSIFIS_206_2": 0.0, "39_CRF_206_2": 0.0, "40_1,54_206_2": 0.0, "41_4_206_2": 1.0, "42_72CL_206_2": 0.25, "43_SALSIFIS_206_2": 0.0, "44_CRF_206_2": 0.3333333333333333, "45_1,68_206_2": 0.5, "46_4_206_2": 1.0, "47_72CL_206_2": 0.5, "48_HARICOTS_206_2": 0.0, "49_BEUR_206_2": 0.0, "50_4_206_2": 1.0, "51_72CL_206_2": 0.5, "52_1,35_206_2": 1.0, "53_HAR._206_2": 0.0, "54_VERTS_206_2": 0.0, "55_PLA_206_2": 0.0, "56_2,61_206_2": 0.5, "57_4_206_2": 1.0, "58_VEAU_206_2": 0.25, "59_ESCALOPE***_206_2": 0.2727272727272727, "60_2,89_206_2": 0.75, "61_4_206_2": 1.0, "62_VEAU_206_2": 0.25, "63_ESCALOPE***_206_2": 0.2727272727272727, "64_3,30_206_2": 0.25, "65_4_206_2": 1.0, "66_2X1256_206_2": 0.16666666666666666, "67_SH_206_2": 0.0, "68_MOELLEUX_206_2": 0.0, "0_ _receipt_00792_0": 6.0, "0_ _receipt_00616_0": 0.0, "0_4.95_749_0": 0.0, "1_JMB/PLT/FROM_749_0": 0.08333333333333333, "2_22_749_0": 0.0, "3_1_749_0": 0.0, "4_CLUB_749_0": 0.0, "5_TRIO_749_0": 0.0, "6_1.45_749_0": 0.0, "7_BARQUETTE_749_0": 0.0, "8_CHOCOLA_749_0": 0.0, "9_1_749_0": 0.0, "10_120G_749_0": 0.25, "11_18_749_0": 0.0, "12_RICARDO_749_0": 0.14285714285714285, "13_FR76524959236_749_0": 0.0, "14_RCS_749_0": 0.0, "15_PARIS_749_0": 0.0, "16_52439593236_749_0": 0.0, "17_TUA_749_0": 0.3333333333333333, "18_Tel_749_0": 0.0, "19_:_749_0": 1.0, "20_21_749_0": 1.0, "21_51_749_0": 0.5, "22_23_749_0": 0.5, "23_01_749_0": 0.0, "24_43_749_0": 0.5, "25_Vaugirard_749_0": 0.1111111111111111, "26_75015_749_0": 0.0, "27_Paris_749_0": 0.0, "28_11_749_0": 1.5, "29_Boul_749_0": 0.0, "30_evard_749_0": 0.4, "31_de_749_0": 0.5, "32_CONCESSIONS_749_0": 0.0, "33_GARES_749_0": 0.0, "34_SAS_749_0": 0.0, "35_ELIOR_749_0": 0.0, "0_ _receipt_00557_1": 3.0, "0_ _770_2": 2.0, "0_MERCI_157_1": 0.0, "1_DE_157_1": 0.0, "2_VOTRE_157_1": 0.0, "3_VISITE_157_1": 0.0, "4_14/10/2015_157_1": 0.0, "5_0004_157_1": 0.5, "6_004_157_1": 0.0, "7_000053_157_1": 0.0, "8_12:05:35_157_1": 0.125, "9_7.39\u20ac_157_1": 0.4, "10_BANCAIRE_157_1": 0.0, "11_EMY_157_1": 0.0, "12_EUR_157_1": 0.0, "13_CARTE_157_1": 0.0, "14_ARTICLE(S)_157_1": 0.0, "15_7.39\u20ac_157_1": 0.4, "16_3_157_1": 0.0, "17_TOTAL_157_1": 0.8, "18_A_157_1": 0.0, "19_PAYER_157_1": 0.0, "20_JBON_157_1": 0.5, "21_3.82\u20ac_157_1": 0.4, "22_SALADE_157_1": 0.0, "23_PATE_157_1": 0.0, "24_0.4750kg_157_1": 0.125, "25_4.90\u20ac/kg_157_1": 0.375, "26_x_157_1": 0.0, "27_CLENENTINE_157_1": 0.1, "28_FEUILLE_157_1": 0.0, "29_E_157_1": 0.0, "30_2.33\u20ac_157_1": 0.4, "31_MOUCHOIR_157_1": 0.25, "32_1.246_157_1": 1.0, "33_110_157_1": 1.0, "34_CRF._157_1": 0.25, "0_*LENTILLES_252_1": 0.0, "1_CRF_252_1": 0.3333333333333333, "2_0.91\u20ac_252_1": 0.4, "3_*LEGUME_252_1": 0.0, "4_DU_252_1": 1.0, "5_SUD_252_1": 0.0, "6_1L_252_1": 1.0, "7_2.15\u20ac_252_1": 0.4, "8_KG_252_1": 0.5, "9_ESCALOP_252_1": 0.0, "10_DDE_252_1": 0.0, "11_HAL_252_1": 0.0, "12_4.21\u20ac_252_1": 0.4, "13_*JUS_252_1": 0.0, "14_DE_252_1": 0.0, "15_1.76\u20ac_252_1": 0.4, "16_RAISIN_252_1": 0.0, "17_1L_252_1": 1.0, "18_*FR.FRAIS_252_1": 0.0, "19_O&NG_252_1": 0.75, "20_CRF_252_1": 0.0, "21_1.51\u20ac_252_1": 0.4, "22_*FLAN_252_1": 0.2, "23_X2_252_1": 0.5, "24_1.08\u20ac_252_1": 0.4, "25_*FL_252_1": 0.3333333333333333, "26_500G_252_1": 0.25, "27_PP_252_1": 0.0, "28_1.19\u20ac_252_1": 0.4, "29_CITRON_252_1": 0.0, "30_*EMMENTAL_252_1": 0.2222222222222222, "31_PLAQUETTE_252_1": 0.0, "32_3.52\u20ac_252_1": 0.4, "33_1.226_252_1": 0.4, "34_2.12\u20ac_252_1": 0.4, "35_0.92\u20ac_252_1": 0.4, "36_*CHAMPIGON_252_1": 0.4, "37_EMINCE_252_1": 0.0, "38_REMISE_252_1": 0.16666666666666666, "39_-1.17\u20ac_252_1": 0.6666666666666666, "40_1.95\u20ac_252_1": 0.4, "41_*4X100G_252_1": 0.14285714285714285, "42_YOPA_252_1": 0.25, "43_0%_252_1": 0.5, "44_LIT_252_1": 0.6666666666666666, "45_*4X100G_252_1": 0.14285714285714285, "46_YOPA_252_1": 1.0, "47_0%_252_1": 0.5, "48_LIT_252_1": 1.0, "49_1.95\u20ac_252_1": 0.4, "50_2.97\u20ac_252_1": 0.4, "51_*2X1/4_252_1": 0.3333333333333333, "52_THON_252_1": 0.25, "53_ALB.CRF_252_1": 0.0, "54_MOY.CRF_252_1": 0.14285714285714285, "55_2.83\u20ac_252_1": 0.4, "56_12_252_1": 0.0, "57_OEUFS_252_1": 0.2, "0_1,65_781_0": 0.0, "1_Chocolat_781_0": 0.0, "2_blanc_781_0": 0.0, "3_a_781_0": 0.0, "4_la_781_0": 0.0, "5_B_781_0": 0.0, "6_Beignet_781_0": 0.0, "7_0,59_781_0": 0.5, "8_fruits_781_0": 0.0, "9_A_781_0": 1.0, "10_Croissant_781_0": 0.0, "11_pur_781_0": 0.0, "12_beurre_781_0": 0.0, "13_0.29_781_0": 0.0, "14_A_781_0": 0.0, "15_x_781_0": 1.0, "16_0,59_781_0": 0.25, "17_2_781_0": 0.0, "18_Escargot_781_0": 0.0, "19_1,18_781_0": 0.0, "20_A_781_0": 1.0, "21_aux_781_0": 0.0, "22_raisins_781_0": 0.14285714285714285, "23_x_781_0": 1.0, "24_0,49_781_0": 0.5, "25_4_781_0": 0.0, "26_1,96_781_0": 0.25, "27_pepites_781_0": 0.0, "28_A_781_0": 0.0, "29_Torsade_781_0": 0.0, "30_EUR_781_0": 0.0, "31_:_781_0": 1.0, "32_Dimanche_781_0": 0.25, "33_9_781_0": 1.0, "34_H_781_0": 0.0, "35_00_781_0": 1.0, "36_12_781_0": 0.0, "37_H_781_0": 0.0, "38_30_781_0": 0.0, "39_Lundi_781_0": 0.2, "40_Samedi_781_0": 0.0, "41_:_781_0": 1.0, "42_H_781_0": 0.0, "43_30_781_0": 0.0, "44_20_781_0": 0.0, "45_H_781_0": 0.0, "46_30_781_0": 0.0, "47_Lyon_781_0": 0.0, "48_69003_781_0": 0.0, "49_Lafayette_781_0": 0.0, "50_278_781_0": 0.3333333333333333, "51_276_781_0": 0.3333333333333333, "52_Cours_781_0": 0.0, "53_Lafayette_781_0": 0.0, "54_Lycn_781_0": 0.25, "55_0588_781_0": 0.0, "0_QTE_468_0": 0.6666666666666666, "1_MONTANT_468_0": 0.2857142857142857, "2_DESCRIPTION_468_0": 0.0, "3_Aytre._468_0": 0.3333333333333333, "4_Gargot_468_0": 0.0, "5_Nicolas_468_0": 0.0, "6_17440_468_0": 0.0, "7_Rue_468_0": 0.0, "8_9h_468_0": 0.5, "9_a_468_0": 0.0, "10_12h30_468_0": 0.0, "11_Dimanche_468_0": 0.0, "12_9h_468_0": 0.5, "13_a_468_0": 0.0, "14_20h00_468_0": 0.0, "15_au_468_0": 0.0, "16_Samedi_468_0": 0.0, "17_de_468_0": 0.0, "18_Lundi_468_0": 0.0, "19_0546457320_468_0": 0.0, "20_Tel_468_0": 0.0, "21_AYTRE_468_0": 0.0, "22_Carrefour_468_0": 0.0, "23_market_468_0": 0.0, "0_31/05/18_662_0": 0.0, "1_0_662_0": 0.0, "2_OZI9_662_0": 0.75, "3_06E00_662_0": 0.2, "4_Ticket_662_0": 0.0, "5_18:10_662_0": 0.0, "6_mai_662_0": 0.3333333333333333, "7_2018_662_0": 0.0, "8_034-0030_662_0": 0.0, "9_31_662_0": 0.5, "10_Caisse_662_0": 0.0, "11_46_662_0": 0.0, "12_34_662_0": 0.0, "13_18_662_0": 0.0, "14_67_662_0": 0.0, "15_TEL_662_0": 0.6666666666666666, "16_05_662_0": 0.0, "17_cedex_662_0": 0.0, "18_ROCHELLE_662_0": 0.0, "19_17028_662_0": 0.0, "20_LA_662_0": 0.0, "21_124,bld_662_0": 0.2857142857142857, "22_Sautel_662_0": 0.0, "23_Andre_662_0": 0.0, "0_DESCRIPTION_143_0": 0.0, "1_QTE_143_0": 0.3333333333333333, "2_NONTAHT_143_0": 0.42857142857142855, "3_:_143_0": 1.0, "4_Tel_143_0": 0.0, "5_ROCHELLE_143_0": 0.0, "6_LA_143_0": 0.0, "7_17000_143_0": 0.2, "8_SCIERIE_143_0": 0.0, "9_RUE_143_0": 0.0, "10_DE_143_0": 0.0, "11_LA_143_0": 0.0, "12_33_143_0": 0.0, "13_ROCHELLE_143_0": 0.0, "14_CRF-CITY_143_0": 0.0, "15_LA_143_0": 0.0, "0_ _receipt_00550_0": 3.0, "0_NTOT_476_2": 0.25, "1_visite_476_2": 0.0, "2_votre_476_2": 0.0, "3_de_476_2": 0.5, "4_repris_476_2": 0.0, "5_echange_476_2": 0.0, "6_lde_476_2": 0.3333333333333333, "7_ni_476_2": 0.5, "8_ni_476_2": 0.5, "9_000053_476_2": 0.0, "10_11:41:55_476_2": 0.0, "11_14/05/2017_476_2": 0.0, "12_0107_476_2": 0.0, "13_005_476_2": 0.3333333333333333, "14_:_476_2": 1.0, "15_arte_476_2": 0.25, "16_22.68\u20ac_476_2": 0.6666666666666666, "17_BANCAIRE_476_2": 0.0, "18_EUR_476_2": 0.0, "19_EMV_476_2": 0.3333333333333333, "20_CARTE_476_2": 0.2, "21_22.68\u20ac_476_2": 0.3333333333333333, "22_ARTICLE(S)_476_2": 0.0, "23_TOTAL_476_2": 0.0, "24_PAYER_476_2": 0.0, "25_A_476_2": 0.0, "0_16.81\u20ac_385_1": 0.5, "1_EUR_385_1": 0.0, "2_CARTE_385_1": 0.0, "3_BANCAIRE_385_1": 0.125, "4_EMV_385_1": 0.3333333333333333, "5_12.81\u20ac_385_1": 0.3333333333333333, "6_(S)_385_1": 0.3333333333333333, "7_ARTICLE_385_1": 0.0, "8_PAYER_385_1": 0.0, "9_8_385_1": 1.0, "10_TOTAL_385_1": 0.8, "11_A_385_1": 1.0, "12_2.91\u20ac_385_1": 0.4, "13_*SANEX_385_1": 0.16666666666666666, "14_DOUCHE_385_1": 0.0, "15_DERMO_385_1": 0.2, "16_0.57\u20ac_385_1": 0.4, "17_GAZ_385_1": 0.3333333333333333, "18_*PET_385_1": 0.25, "19_1.25L_385_1": 0.4, "20_EAU_385_1": 0.0, "21_1.64\u20ac_385_1": 0.4, "22_DEJ.CRF_385_1": 0.0, "23_*BISC.PT_385_1": 0.125, "24_1.49\u20ac_385_1": 0.4, "25_CRF_385_1": 0.0, "26_RLX_385_1": 0.3333333333333333, "27_P.H.2PLI_385_1": 0.25, "28_*2_385_1": 1.0, "29_*500_385_1": 0.5, "30_3.00\u20ac_385_1": 0.4, "31_TRANCH._385_1": 0.0, "32_GACHE_385_1": 0.0, "33_2.36\u20ac_385_1": 0.4, "34_PIZ.3FR.CRF_385_1": 0.0, "35_*350G_385_1": 0.4, "36_2.06\u20ac_385_1": 0.4, "37_EPICE_385_1": 0.0, "38_*300G_385_1": 0.2, "39_PAIN_385_1": 0.5, "0_DESCRIPTION_192_0": 0.0, "1_QTE_192_0": 0.3333333333333333, "2_NONTANT_192_0": 0.14285714285714285, "3_:_192_0": 1.0, "4_Tel_192_0": 0.0, "5_17000_192_0": 0.0, "6_LA_192_0": 0.0, "7_ROCHELLE_192_0": 0.0, "8_3/5_192_0": 0.0, "9_RUE_192_0": 0.0, "10_DE_192_0": 0.0, "11_CORDOUAN_192_0": 0.0, "12_ROCHELLE/CRD_192_0": 0.0, "13_CRF-CITY_192_0": 0.125, "14_LA_192_0": 0.5, "0_P.U_203_0": 0.6666666666666666, "1_QTE_203_0": 0.3333333333333333, "2_MONTANT_203_0": 0.0, "3_DESIGNATION_203_0": 0.0, "4_Reprise_203_0": 0.0, "5_03147063_203_0": 0.125, "6_SELF_203_0": 0.0, "7_SCANNING_203_0": 0.0, "8_TRX:_203_0": 0.25, "9_8h30_203_0": 0.0, "10_a_203_0": 1.0, "11_21h00_203_0": 0.0, "12_Lundi_203_0": 0.2, "13_samedi_203_0": 0.3333333333333333, "14_de_203_0": 0.0, "15_eu_203_0": 0.5, "16_51_203_0": 0.0, "17_23_203_0": 0.0, "18_79_203_0": 0.5, "19_TE1:_203_0": 0.25, "20_05_203_0": 0.5, "21_46_203_0": 1.0, "22_Bienvenue_203_0": 0.0, "23_chez_203_0": 0.25, "0_QTE_187_0": 1.0, "1_MONTANT_187_0": 0.14285714285714285, "2_DESCRIPTION_187_0": 0.0, "3_:_187_0": 1.0, "4_Tel_187_0": 0.0, "5_ORLEANS_187_0": 0.0, "6_45000_187_0": 0.0, "7_1,_187_0": 1.0, "8_DU_187_0": 0.5, "9_GRENIER_187_0": 0.0, "10_A_187_0": 0.0, "11_SEL_187_0": 0.0, "12_RUE_187_0": 0.0, "13_CARREFOUR_187_0": 0.0, "14_CITY_187_0": 0.0, "15_ORLEANS_187_0": 0.0, "0_9.500,00_receipt_00212_0": 0.375, "1_x1_receipt_00212_0": 1.5, "2_9.500,00_receipt_00212_0": 0.125, "3_JOHN_receipt_00212_0": 1.0, "4_CHEESE_receipt_00212_0": 0.3333333333333333, "5_2005_receipt_00212_0": 0.5, "0_Lettre_685_1": 0.0, "1_automate_685_1": 0.0, "2_Pensez_685_1": 0.0, "3_MERCI_685_1": 0.0, "4_ET_685_1": 0.0, "5_A_685_1": 0.0, "6_BIENTOT_685_1": 0.0, "7_7,30_685_1": 0.25, "8_TOTAL_685_1": 0.0, "9_DISTRIBUE:_685_1": 0.0, "10_EUR_685_1": 0.0, "11_7,30_685_1": 0.0, "12_COMMANDE_685_1": 0.0, "13_TOTAL_685_1": 0.0, "14_EUR_685_1": 0.0, "15_TYPE_685_1": 0.0, "16_PAIEMENT_685_1": 0.0, "17_CB-EMV_685_1": 0.0, "0_Rendu_647_2": 0.0, "1_EUR_647_2": 0.0, "2_0.01_647_2": 0.0, "3_Especes_647_2": 0.0, "4_EUR_647_2": 0.0, "5_15.00_647_2": 0.0, "6_ECHANGE_647_2": 0.0, "7_A_647_2": 1.0, "8_CONSERVER_647_2": 0.0, "9_POUR_647_2": 0.25, "10_TOUT_647_2": 0.75, "11_A_647_2": 1.0, "12_20.00_647_2": 0.0, "13_12.49_647_2": 0.2, "14_2.50_647_2": 0.25, "0_DESCRIPTION_305_0": 0.0, "1_QTE_305_0": 1.0, "2_MONTANT_305_0": 0.2857142857142857, "3_:_305_0": 1.0, "4_Tel_305_0": 0.0, "5_17000_305_0": 0.0, "6_ROCHELLE_305_0": 0.0, "7_LA_305_0": 0.5, "8_33_305_0": 0.0, "9_RUE_305_0": 0.0, "10_DE_305_0": 0.0, "11_LA_305_0": 0.5, "12_SCIERIE_305_0": 0.0, "13_CRF-CITY_305_0": 0.0, "14_ROCHELLE_305_0": 0.0, "15_LA_305_0": 0.5, "0_TOTAL_receipt_00442_1": 0.0, "1_194,469_receipt_00442_1": 0.0, "2_PB1_receipt_00442_1": 0.3333333333333333, "3_17,679_receipt_00442_1": 0.0, "4_SVC_receipt_00442_1": 1.0, "5_10,790_receipt_00442_1": 0.0, "6_SUBTTL_receipt_00442_1": 0.16666666666666666, "7_166,000_receipt_00442_1": 0.0, "8_29,000_receipt_00442_1": 0.0, "9_1_receipt_00442_1": 0.0, "10_TOBIKO_receipt_00442_1": 0.0, "11_TOFU_receipt_00442_1": 0.0, "12_55,000_receipt_00442_1": 0.0, "13_DYNAMITE_receipt_00442_1": 0.0, "14_1_receipt_00442_1": 0.0, "15_SCALLOP_receipt_00442_1": 0.0, "16_49,000_receipt_00442_1": 0.0, "17_1_receipt_00442_1": 0.0, "18_SALMON_receipt_00442_1": 0.0, "19_BACON_receipt_00442_1": 0.0, "20_33,000_receipt_00442_1": 0.0, "21_1_receipt_00442_1": 1.0, "22_SHISAMO_receipt_00442_1": 0.0, "23_MENTAIKO_receipt_00442_1": 0.0, "0_Debit_receipt_00724_1": 0.2, "1_Card:_receipt_00724_1": 0.2, "2_24,000_receipt_00724_1": 0.16666666666666666, "3_2,182_receipt_00724_1": 0.0, "4_PB1:_receipt_00724_1": 0.5, "5_21,818_receipt_00724_1": 0.0, "6_SubTotal:_receipt_00724_1": 0.1111111111111111, "7_21,818_receipt_00724_1": 0.3333333333333333, "8_SmokeBeef_receipt_00724_1": 0.1111111111111111, "9_NuTea_receipt_00724_1": 0.4, "10_1_receipt_00724_1": 1.0, "11_+_receipt_00724_1": 2.0, "0_1_745_0": 1.0, "1_13.90_745_0": 0.0, "2_FORMULE_745_0": 0.0, "3_13.90_745_0": 0.0, "4_\u20ac_745_0": 0.0, "5_UNI_745_0": 0.3333333333333333, "6_-_745_0": 1.0, "7_11/11/2016_745_0": 0.0, "8_24_745_0": 0.0, "9_19:33:46_745_0": 0.0, "10_831_745_0": 0.3333333333333333, "11_300D_745_0": 0.25, "12_FR60_745_0": 0.25, "13_)_745_0": 1.0, "14_444_745_0": 0.0, "15_902_745_0": 0.0, "16_(TVA_745_0": 0.0, "17_Intracomm_745_0": 0.0, "18_030_745_0": 0.0, "19_:_745_0": 1.0, "20_Siret_745_0": 0.0, "21_Tel_745_0": 0.6666666666666666, "22_:_745_0": 2.0, "23_Jaunay-Clan_745_0": 0.0, "24_Bp_745_0": 0.0, "25_86130_745_0": 0.4, "26_2000_745_0": 0.0, "27_-_745_0": 1.0, "28_Futuroscope_745_0": 0.0, "29_Parc_745_0": 0.0, "30_du_745_0": 0.0, "31_QUAI_745_0": 0.25, "32_GOURMAND_745_0": 0.0, "33_RT_745_0": 0.0, "34_LE_745_0": 0.0, "35_-_745_0": 0.0, "0_Vignette(s)_215_5": 0.0, "1_par_215_5": 0.0, "2_operation_215_5": 0.0, "3_Bravo_215_5": 0.0, "4_vous_215_5": 0.0, "5_avez_215_5": 0.0, "6_cumule_215_5": 0.0, "7_12._215_5": 0.6666666666666666, "0_DESCRIPTION_493_0": 0.0, "1_QTE_493_0": 1.0, "2_MONTANT_493_0": 0.2857142857142857, "3_Gargot_493_0": 0.0, "4_Aytre._493_0": 0.0, "5_Rue_493_0": 0.0, "6_Nicolas_493_0": 0.0, "7_17440_493_0": 0.0, "8_Dimanche_493_0": 0.0, "9_9h_493_0": 1.0, "10_a_493_0": 0.0, "11_12h30_493_0": 0.0, "12_Lundi_493_0": 0.0, "13_au_493_0": 0.0, "14_Samedi_493_0": 0.0, "15_de_493_0": 0.0, "16_9h_493_0": 1.0, "17_a_493_0": 0.0, "18_20h00_493_0": 0.0, "19_:_493_0": 1.0, "20_Tel_493_0": 0.0, "21_0546457320_493_0": 0.0, "22_Carrefour_493_0": 0.0, "23_market_493_0": 0.0, "24_AYTRE_493_0": 0.0, "0_DUE_receipt_00527_1": 0.3333333333333333, "1_777,840_receipt_00527_1": 0.2857142857142857, "2_SERVICE_receipt_00527_1": 1.1428571428571428, "3_CHARGE_receipt_00527_1": 1.1666666666666667, "4_47,640_receipt_00527_1": 0.5, "5_TAX_receipt_00527_1": 1.0, "6_79,400_receipt_00527_1": 0.5, "7_SUBTOTAL_receipt_00527_1": 0.75, "8_650,800_receipt_00527_1": 0.0, "9_OTHERS_receipt_00527_1": 1.0, "10_50,000_receipt_00527_1": 0.16666666666666666, "11_BEVERAGES_receipt_00527_1": 1.0, "12_28,000_receipt_00527_1": 0.0, "13_FOOD_receipt_00527_1": 1.0, "14_716,000_receipt_00527_1": 0.0, "15_DISC_receipt_00527_1": 1.0, "16_ULTAH_receipt_00527_1": 1.0, "17_143,200 -_receipt_00527_1": 0.2222222222222222, "18_20%_receipt_00527_1": 1.0, "19_5_receipt_00527_1": 1.0, "20_NASI_receipt_00527_1": 1.0, "21_PUTIH_receipt_00527_1": 1.2, "22_@10,000_receipt_00527_1": 0.42857142857142855, "23_50,000_receipt_00527_1": 0.16666666666666666, "24_1_receipt_00527_1": 1.0, "25_OPEN_receipt_00527_1": 1.0, "26_KITCHEN_receipt_00527_1": 1.1428571428571428, "27_78,000_receipt_00527_1": 0.0, "28_BUNCIS_receipt_00527_1": 1.1666666666666667, "29_BWG_receipt_00527_1": 1.0, "30_PTH_receipt_00527_1": 1.0, "31_/M_receipt_00527_1": 2.0, "32_=*MEDIUM*=_receipt_00527_1": 0.9, "33_1_receipt_00527_1": 1.0, "34_LUMPIA_receipt_00527_1": 1.0, "35_UDANG_receipt_00527_1": 1.0, "36_71,000_receipt_00527_1": 0.16666666666666666, "37_2_receipt_00527_1": 0.0, "38_KWAN'IM_receipt_00527_1": 1.0, "39_2_receipt_00527_1": 1.0, "40_CHINESE_receipt_00527_1": 1.0, "41_28,000_receipt_00527_1": 0.0, "42_TE_receipt_00527_1": 1.0, "43_@14,000_receipt_00527_1": 0.14285714285714285, "44_1_receipt_00527_1": 1.0, "45_AYAM_receipt_00527_1": 1.0, "46_168,000_receipt_00527_1": 0.14285714285714285, "47_PANGGANG_receipt_00527_1": 1.0, "48_=*MEDIUM*=_receipt_00527_1": 0.9, "49_1_receipt_00527_1": 1.0, "50_SUP_receipt_00527_1": 1.0, "51_132,000_receipt_00527_1": 0.0, "52_JGG_receipt_00527_1": 1.0, "53_KPT_receipt_00527_1": 1.0, "0_17,000_receipt_00147_1": 0.3333333333333333, "1_FLAZZ_receipt_00147_1": 0.4, "2_-1_receipt_00147_1": 1.0, "3_++Rounding_receipt_00147_1": 1.0, "0_SUBTOTAL:_receipt_00135_0": 0.8888888888888888, "1_55,834_receipt_00135_0": 0.8333333333333334, "2_OCTOPUS_receipt_00135_0": 1.0, "3_SATAY_receipt_00135_0": 1.0, "4_7,500_receipt_00135_0": 0.4, "5_7,500_receipt_00135_0": 0.4, "6_1X_receipt_00135_0": 1.0, "7_IKAN_receipt_00135_0": 1.0, "8_BUMBU_receipt_00135_0": 1.0, "9_KUNING_receipt_00135_0": 0.5, "10_22,330_receipt_00135_0": 0.8333333333333334, "11_0.308X_receipt_00135_0": 1.0, "12_72,500_receipt_00135_0": 0.6666666666666666, "13_IKAN_receipt_00135_0": 1.0, "14_GABUS_receipt_00135_0": 0.6, "15_FRESH_receipt_00135_0": 0.2, "16_26,004_receipt_00135_0": 0.3333333333333333, "17_0.264X_receipt_00135_0": 1.0, "18_98,500_receipt_00135_0": 0.6666666666666666, "0_A_89_1": 0.0, "1_BIENTOT_89_1": 0.0, "2_VISITE_89_1": 0.0, "3_DE_89_1": 0.0, "4_VOTRE_89_1": 0.0, "5_MERCI_89_1": 0.0, "6_15/01/2017_89_1": 0.0, "7_12:27:43_89_1": 0.0, "8_004_89_1": 0.0, "9_000155_89_1": 0.0, "10_0001_89_1": 0.25, "11_SANS_89_1": 0.0, "12_2.14\u20ac_89_1": 0.4, "13_CONTACT_89_1": 0.0, "14_EUR_89_1": 0.0, "15_EMV_89_1": 0.0, "16_CB_89_1": 0.5, "17_1_89_1": 0.0, "18_2.14\u20ac_89_1": 0.4, "19_(S)_89_1": 1.0, "20_TOTAL_89_1": 0.0, "21_A_89_1": 0.0, "22_PAYER_89_1": 0.0, "23_ARTICLE_89_1": 0.0, "24_2.14\u20ac_89_1": 0.4, "25_*BEURRE_89_1": 0.0, "26_1/2_89_1": 0.3333333333333333, "27_SEL_89_1": 0.0, "28_BIO_89_1": 0.0, "29_QTE_89_1": 0.0, "30_MONTANT_89_1": 0.0, "31_DESCRIPTION_89_1": 0.0, "0_SUMMARY_X00016469622_1": 0.0, "1_GST_X00016469622_1": 0.0, "2_19.10_X00016469622_1": 0.2, "3_:_X00016469622_1": 1.0, "4_CASH_X00016469622_1": 0.0, "5_100.00_X00016469622_1": 0.16666666666666666, "6_Sales_X00016469622_1": 0.4, "7_(inclusive_X00016469622_1": 0.4, "8_GST)_X00016469622_1": 0.0, "9_Total_X00016469622_1": 0.0, "10_of_X00016469622_1": 0.5, "11_80.90_X00016469622_1": 0.2, "12_Rounding_X00016469622_1": 0.0, "13_-001_X00016469622_1": 0.25, "14_:_X00016469622_1": 2.0, "15_0.00_X00016469622_1": 0.25, "16_Total_X00016469622_1": 0.0, "17_GST_X00016469622_1": 0.0, "18_00_X00016469622_1": 1.0, "19_Discount_X00016469622_1": 0.0, "20_80.91_X00016469622_1": 0.4, "21_(Excluding_X00016469622_1": 0.0, "22_Total_X00016469622_1": 0.0, "23_Sales_X00016469622_1": 0.0, "24_(GST)_X00016469622_1": 0.4, "25_Qty_X00016469622_1": 0.6666666666666666, "26_Total_X00016469622_1": 0.0, "27_1_X00016469622_1": 0.0, "28_80_X00016469622_1": 0.5, "29_91_X00016469622_1": 0.0, "30_ELEGANT_X00016469622_1": 0.2857142857142857, "31_TR_X00016469622_1": 1.0, "32_BAG_X00016469622_1": 0.0, "33_SCH_X00016469622_1": 0.0, "34_15_X00016469622_1": 0.0, "35_1._X00016469622_1": 0.5, "36_E8318_X00016469622_1": 1.0, "37_SR_X00016469622_1": 0.0, "38_80_X00016469622_1": 0.0, "39_91_X00016469622_1": 0.5, "40_80_X00016469622_1": 1.0, "41_91_X00016469622_1": 1.0, "42_Qty_X00016469622_1": 0.0, "43_!tum_X00016469622_1": 0.5, "44_S/Price_X00016469622_1": 0.2857142857142857, "45_Amount_X00016469622_1": 0.0, "46_Tax_X00016469622_1": 0.0, "47_Salesperson_X00016469622_1": 0.2727272727272727, "48_Ref._X00016469622_1": 0.5, "0_35,454_receipt_00158_0": 0.16666666666666666, "1_Total_receipt_00158_0": 0.6, "2_Sub_receipt_00158_0": 0.3333333333333333, "3_CHARGE_receipt_00158_0": 0.16666666666666666, "4_TA_receipt_00158_0": 1.0, "5_909_receipt_00158_0": 0.0, "6_1_receipt_00158_0": 1.0, "7_34,545_receipt_00158_0": 0.0, "8_1_receipt_00158_0": 1.0, "9_KFC_receipt_00158_0": 0.0, "10_DAY_receipt_00158_0": 0.3333333333333333, "0_152,000_receipt_00341_1": 0.0, "1_DEBIT_receipt_00341_1": 0.2, "2_BCA:_receipt_00341_1": 0.0, "3_152,000_receipt_00341_1": 0.0, "4_Total_receipt_00341_1": 0.0, "5_Rounding_receipt_00341_1": 0.0, "6_-4_receipt_00341_1": 1.0, "7_VAT_receipt_00341_1": 0.0, "8_10%_receipt_00341_1": 0.0, "9_13,819_receipt_00341_1": 0.0, "10_ITEMS:_receipt_00341_1": 0.3333333333333333, "11_7_receipt_00341_1": 0.0, "12_138,185_receipt_00341_1": 0.0, "13_1_receipt_00341_1": 1.0, "14_KWETIAUW_receipt_00341_1": 0.0, "15_AYM_receipt_00341_1": 0.0, "16_SRM_receipt_00341_1": 0.0, "17_31,819_receipt_00341_1": 0.0, "18_1_receipt_00341_1": 1.0, "19_NS+AYAM_receipt_00341_1": 0.14285714285714285, "20_GR_receipt_00341_1": 0.5, "21_RICA_receipt_00341_1": 0.0, "22_35,455_receipt_00341_1": 0.0, "23_1_receipt_00341_1": 1.0, "24_NS_receipt_00341_1": 0.5, "25_BISTIK_receipt_00341_1": 0.0, "26_AYM_receipt_00341_1": 0.0, "27_TP_receipt_00341_1": 0.0, "28_35,455_receipt_00341_1": 0.0, "29_1_receipt_00341_1": 1.0, "30_FROZEN_receipt_00341_1": 0.0, "31_CAPUCINO_receipt_00341_1": 0.0, "32_15,455_receipt_00341_1": 0.0, "33_Lychee_receipt_00341_1": 0.0, "34_1_receipt_00341_1": 1.0, "35_Tea_receipt_00341_1": 0.0, "36_9,091_receipt_00341_1": 0.0, "37_2_receipt_00341_1": 0.0, "38_ES_receipt_00341_1": 0.0, "39_TEH_receipt_00341_1": 0.3333333333333333, "40_TAWAR_receipt_00341_1": 0.0, "41_10,910_receipt_00341_1": 0.0, "0_GoPay_receipt_00288_1": 0.4, "1_80,000_receipt_00288_1": 0.0, "2_For_receipt_00288_1": 1.0, "3_Here_receipt_00288_1": 0.0, "4_80,000_receipt_00288_1": 0.16666666666666666, "5_Total_receipt_00288_1": 0.8, "6_Tax_receipt_00288_1": 1.0, "7_7,273_receipt_00288_1": 1.0, "8_PB1-TAX_receipt_00288_1": 0.5714285714285714, "9_72,727_receipt_00288_1": 0.8333333333333334, "10_Subtotal_receipt_00288_1": 0.125, "11_Gyro_receipt_00288_1": 0.25, "12_Large_receipt_00288_1": 0.0, "13_72,727_receipt_00288_1": 1.0, "14_Platter_receipt_00288_1": 0.14285714285714285, "15_-_receipt_00288_1": 0.0, "0_CHANGED_receipt_00717_1": 0.14285714285714285, "1_0_receipt_00717_1": 0.0, "2_CASH_receipt_00717_1": 0.0, "3_55.000_receipt_00717_1": 0.3333333333333333, "4_TOTAL_receipt_00717_1": 0.0, "0_ _receipt_00154_0": 5.0, "0_detaillees_777_3": 0.0, "1_magasin)_777_3": 0.0, "2_en_777_3": 0.0, "3_jours_777_3": 0.2, "4_partir_777_3": 0.0, "5_sous_777_3": 0.0, "6_30_777_3": 0.5, "7_a_777_3": 0.0, "8_magasins_777_3": 0.0, "9_tous_777_3": 0.0, "10_les_777_3": 0.0, "11_H&M_777_3": 0.0, "12_de_777_3": 0.0, "13_France_777_3": 0.0, "14_(voir_777_3": 0.0, "15_conditions_777_3": 0.1, "16_convi_777_3": 0.2, "17_non_777_3": 0.0, "18_lave_777_3": 0.0, "19_qui_777_3": 0.6666666666666666, "20_endrait_777_3": 0.0, "21_pas,_777_3": 0.0, "22_ne_777_3": 0.0, "23_vous_777_3": 0.0, "24_dans_777_3": 0.0, "25_ou_777_3": 0.5, "26_bancai_777_3": 0.16666666666666666, "27_re_777_3": 0.5, "28_carte_777_3": 0.0, "29_article.._777_3": 0.1111111111111111, "30_tout_777_3": 0.0, "31_Nous_777_3": 0.0, "32_echangeons_777_3": 0.9, "33_par_777_3": 0.0, "34_ou_777_3": 0.0, "35_remboursons_777_3": 0.7272727272727273, "36_carte_777_3": 0.0, "37_avoir_777_3": 0.4, "38_Merci_777_3": 0.2, "39_de_777_3": 0.0, "40_votre_777_3": 0.0, "41_Visite_777_3": 0.0, "42_!_777_3": 1.0, "43_Derniere_777_3": 0.0, "44_date_777_3": 0.0, "45_13/02/17_777_3": 0.0, "46_de_777_3": 0.0, "47_retour_777_3": 0.0, "48_A_777_3": 0.0, "49_CONSERVER_777_3": 0.0, "50_TICKET_777_3": 0.0, "51_CLIENT_777_3": 0.0, "52_DEBIT_777_3": 0.0, "53_MONTANT=_777_3": 0.0, "54_7,_777_3": 1.0, "55_00_777_3": 1.0, "56_EUR_777_3": 0.0, "57_001_777_3": 0.0, "58_029040_777_3": 0.0, "59_003_777_3": 0.6666666666666666, "0_la_436_1": 0.5, "1_fidelite,_436_1": 0.0, "2_vous_436_1": 0.0, "3_aviez_436_1": 0.0, "4_carte_436_1": 0.0, "5_CARTE_436_1": 0.0, "6_BANCAIRE_436_1": 0.0, "7_EMV_436_1": 0.0, "8_EUR_436_1": 0.0, "9_14.71\u20ac_436_1": 0.3333333333333333, "10_8_436_1": 0.0, "11_ARTICLE(S)_436_1": 0.0, "12_TOTAL_436_1": 0.0, "13_A_436_1": 0.0, "14_PAYER_436_1": 0.0, "15_14.71\u20ac_436_1": 0.3333333333333333, "16_*PIZZA_436_1": 0.16666666666666666, "17_4SAISONS_436_1": 0.25, "18_CRF_436_1": 0.0, "19_2.726_436_1": 0.4, "20_*KIRI_436_1": 0.2, "21_CREME_436_1": 0.0, "22_X8_436_1": 0.5, "23_1.83\u20ac_436_1": 0.4, "24_*GD_436_1": 1.0, "25_LAIT_436_1": 0.25, "26_CRF_436_1": 0.0, "27_COTON_436_1": 0.0, "28_1.36\u20ac_436_1": 0.4, "29_QUINOA_436_1": 0.0, "30_*GALETTE_436_1": 0.0, "31_TOM_436_1": 0.0, "32_2.81\u20ac_436_1": 0.4, "33_*EMMENTAL_436_1": 0.3333333333333333, "34_RAPE_436_1": 0.0, "35_100G_436_1": 0.25, "36_2x_436_1": 1.0, "37_0.97_436_1": 0.0, "38_1.94\u20ac_436_1": 0.4, "39_*BAGUETTE_436_1": 0.1111111111111111, "40_250G_436_1": 0.25, "41_0.84\u20ac_436_1": 0.4, "42_*250G_436_1": 0.4, "43_TORTELL.PESTO_436_1": 0.07692307692307693, "44_3.21\u20ac_436_1": 0.4, "0_TICKET_624_3": 0.0, "1_A_624_3": 1.0, "2_CONSERVER_624_3": 0.0, "3_BIENTOT_624_3": 0.0, "4_MERCI_624_3": 0.4, "5_DE_624_3": 0.0, "6_VOTRE_624_3": 0.0, "7_VISITE_624_3": 0.0, "8_06/06/17_624_3": 0.0, "9_224_624_3": 1.0, "10_CD_624_3": 1.0, "11_12:36_624_3": 0.0, "12_5_624_3": 1.0, "13_670009_624_3": 0.16666666666666666, "14_Operateur_624_3": 0.0, "15_TPU_624_3": 0.6666666666666666, "16_Date_624_3": 0.0, "17_Heure_624_3": 0.0, "18_Ticket_624_3": 0.0, "19_magasin)_624_3": 0.125, "20_conditions_624_3": 0.0, "21_a_624_3": 1.0, "22_l'accueil_624_3": 0.2222222222222222, "23_du_624_3": 0.0, "24_ET_624_3": 0.0, "25_SUR_624_3": 0.0, "26_MAGASINS-U.COM_624_3": 0.42857142857142855, "27_RENDEZ-VOUS_624_3": 0.18181818181818182, "28_EN_624_3": 0.0, "29_NAGASIN_624_3": 0.2857142857142857, "30_GRACE_624_3": 0.0, "31_A_624_3": 0.0, "32_VOS_624_3": 1.0, "33_EXCLUSIVITES_624_3": 0.0, "34_PROMOS_624_3": 0.16666666666666666, "35_NOIS_624_3": 0.5, "36_OFFERTS_624_3": 0.0, "37_AVEC_624_3": 0.0, "38_20%_624_3": 0.3333333333333333, "39_EN_624_3": 0.0, "40_EUROS_624_3": 0.2, "41_CARTE_624_3": 0.0, "42_U_624_3": 3.0, "43_GAGNEZ_624_3": 0.3333333333333333, "44_ENCORE_624_3": 0.0, "45_PLUS_624_3": 0.0, "46_TICKET_624_3": 0.0, "47_A_624_3": 2.0, "48_CONSERVER_624_3": 0.0, "0_SUB TOTAL_receipt_00387_0": 0.0, "1_28,000_receipt_00387_0": 0.3333333333333333, "2_28,000_receipt_00387_0": 0.16666666666666666, "3_1_receipt_00387_0": 1.0, "4_28,000_receipt_00387_0": 0.3333333333333333, "0_27/04/2017_403_1": 0.0, "1_0004_403_1": 0.0, "2_004_403_1": 0.0, "3_000038_403_1": 0.0, "4_11:55:33_403_1": 0.125, "5_Votre_403_1": 0.0, "6_Monnaie_403_1": 0.0, "7_-0.88\u20ac_403_1": 0.3333333333333333, "8_ESPECES_403_1": 0.0, "9_EUR_403_1": 0.0, "10_10.00\u20ac_403_1": 0.3333333333333333, "11_(S)_403_1": 0.6666666666666666, "12_9.12\u20ac_403_1": 0.4, "13_ARTICLE_403_1": 0.0, "14_TOTAL_403_1": 0.0, "15_A_403_1": 1.0, "16_PAYER_403_1": 0.0, "17_4_403_1": 0.0, "18_2.95\u20ac/kg_403_1": 0.25, "19_0.280kg_403_1": 0.14285714285714285, "20_x_403_1": 1.0, "21_TRAITEE_403_1": 0.0, "22_F_403_1": 0.0, "23_0.83\u20ac_403_1": 0.4, "24_*ORANGE_403_1": 0.14285714285714285, "25_NON_403_1": 0.6666666666666666, "26_AUX_403_1": 0.0, "27_POMMES_403_1": 0.3333333333333333, "28_1.60\u20ac_403_1": 0.4, "29_*CHAUSSONS_403_1": 0.1, "30_*AVOCAT_403_1": 0.0, "31_1.50\u20ac_403_1": 0.4, "32_5.19\u20ac_403_1": 0.4, "33_*400G_403_1": 0.2, "34_PLT_403_1": 0.0, "35_PATES_403_1": 0.0, "36_LEG_403_1": 0.3333333333333333, "0_16,000_receipt_00726_0": 0.0, "1_PIZZA_receipt_00726_0": 0.0, "2_TOAST_receipt_00726_0": 0.0, "3_1_receipt_00726_0": 1.0, "4_13,000_receipt_00726_0": 0.0, "5_RED_receipt_00726_0": 0.0, "6_BEAN_receipt_00726_0": 0.0, "7_SCREAMING_receipt_00726_0": 0.0, "8_1_receipt_00726_0": 1.0, "9_24,000_receipt_00726_0": 0.0, "10_SOBORO_receipt_00726_0": 0.16666666666666666, "11_SPOOKY_receipt_00726_0": 0.16666666666666666, "12_2_receipt_00726_0": 0.0, "13_27,000_receipt_00726_0": 0.0, "14_CORONET_receipt_00726_0": 0.0, "15_2_receipt_00726_0": 0.0, "16_17,000_receipt_00726_0": 0.0, "17_CROQUETTE_receipt_00726_0": 0.0, "18_TLJ_receipt_00726_0": 0.6666666666666666, "19_1_receipt_00726_0": 1.0, "20_13,000_receipt_00726_0": 0.0, "21_SAUSAGE_receipt_00726_0": 0.14285714285714285, "22_DONUT_receipt_00726_0": 0.0, "23_1_receipt_00726_0": 1.0, "0_CARAMEL_receipt_00091_0": 0.14285714285714285, "1_PASTRY_receipt_00091_0": 0.16666666666666666, "2_1_receipt_00091_0": 1.0, "3_12,000_receipt_00091_0": 0.16666666666666666, "4_CHOCO_receipt_00091_0": 0.6, "5_CUSTARD_receipt_00091_0": 0.14285714285714285, "6_PASTRY_receipt_00091_0": 0.16666666666666666, "7_1_receipt_00091_0": 1.0, "8_12,000_receipt_00091_0": 0.16666666666666666, "0_Kembalian_receipt_00591_1": 0.0, "1_0_receipt_00591_1": 0.0, "2_CASH_receipt_00591_1": 0.0, "3_30.000_receipt_00591_1": 0.0, "4_Total_receipt_00591_1": 0.0, "5_30.000_receipt_00591_1": 0.0, "6_Subtotal_receipt_00591_1": 0.0, "7_30.000_receipt_00591_1": 0.0, "8_0_receipt_00591_1": 0.0, "9_+Level_receipt_00591_1": 0.0, "10_Gangster_receipt_00591_1": 0.0, "11_30.000_receipt_00591_1": 0.0, "12_BZR_receipt_00591_1": 0.0, "13_1_receipt_00591_1": 1.0, "0_DESCRIPTION_129_0": 0.0, "1_QTE_129_0": 1.0, "2_MONTANT_129_0": 0.42857142857142855, "3_:_129_0": 1.0, "4_Tel_129_0": 0.0, "5_17000_129_0": 0.0, "6_LA_129_0": 0.0, "7_ROCHELLE_129_0": 0.0, "8_33_129_0": 0.0, "9_RUE_129_0": 0.0, "10_DE_129_0": 0.0, "11_LA_129_0": 0.5, "12_SCIERIE_129_0": 0.0, "13_CRF-CITY_129_0": 0.0, "14_LA_129_0": 0.0, "15_ROCHELLE_129_0": 0.0, "0_KEMBALI_receipt_00744_1": 0.0, "1_NON_receipt_00744_1": 0.0, "2_TUNAI_receipt_00744_1": 0.0, "3_0_receipt_00744_1": 0.0, "4_TUNAI_receipt_00744_1": 0.2, "5_TOTAL_receipt_00744_1": 0.0, "6_4.2_receipt_00744_1": 0.3333333333333333, "7_BIAYA_receipt_00744_1": 0.0, "8_CC_receipt_00744_1": 1.0, "9_0_receipt_00744_1": 0.0, "10_PAJAK_receipt_00744_1": 0.2, "11_0%_receipt_00744_1": 0.0, "12_0_receipt_00744_1": 0.0, "13_PAJAK_receipt_00744_1": 0.2, "14_PPN_receipt_00744_1": 0.0, "15_10_receipt_00744_1": 0.0, "16_%_receipt_00744_1": 0.0, "17_9,817.8_receipt_00744_1": 0.2857142857142857, "18_BIAYA_receipt_00744_1": 0.0, "19_TAMBAHAN_receipt_00744_1": 0.0, "20_0_receipt_00744_1": 2.0, "21_DISKON_receipt_00744_1": 0.0, "22_0_receipt_00744_1": 2.0, "23_SUBTOTAL_receipt_00744_1": 0.0, "24_98,178_receipt_00744_1": 0.3333333333333333, "0_100%_receipt_00278_0": 0.25, "1_@14,000_receipt_00278_0": 0.14285714285714285, "2_14,000_receipt_00278_0": 0.0, "3_Lime_receipt_00278_0": 0.5, "4_Lemon_receipt_00278_0": 0.0, "5_1X_receipt_00278_0": 1.0, "6_S-Fresh_receipt_00278_0": 0.42857142857142855, "0_\u20ac58.18_651_1": 0.16666666666666666, "1_10%_651_1": 0.0, "2_HT_651_1": 0.0, "3_TVA_651_1": 0.0, "4_10%_651_1": 0.0, "5_\u20ac64.00_651_1": 0.16666666666666666, "6_TTC_651_1": 0.6666666666666666, "7_10%_651_1": 0.0, "8_\u20ac5.82_651_1": 0.2, "9_S/TOTAL_651_1": 0.0, "10_\u20ac86.00_651_1": 0.16666666666666666, "11_COUVERT(S):_651_1": 0.09090909090909091, "12_4_651_1": 0.0, "13_\u20ac11.00_651_1": 0.16666666666666666, "14_1x_651_1": 0.5, "15_LOIC_651_1": 0.75, "16_RAISON_651_1": 0.0, "17_DOUX_651_1": 1.0, "18_11.00_651_1": 0.0, "19_LOIC_651_1": 0.0, "20_\u20ac11.00_651_1": 0.16666666666666666, "21_RAISON_651_1": 0.0, "22_BRUT_651_1": 0.0, "23_11.00_651_1": 0.0, "24_POMMES_651_1": 0.0, "25_CARAM_651_1": 0.0, "26_BEUR_651_1": 0.0, "27_7.00_651_1": 0.0, "28_\u20ac7.00_651_1": 0.2, "29_\u20ac5.70_651_1": 0.2, "30_1x_651_1": 0.5, "31_CARAMEL_651_1": 0.0, "32_BEURRE_651_1": 0.0, "33_5.70_651_1": 0.0, "34_SA_651_1": 0.0, "35_1x_651_1": 0.5, "36_CHOCO_651_1": 0.6, "37_MAISON_651_1": 0.16666666666666666, "38_\u20ac5.70_651_1": 0.2, "39_5.70_651_1": 0.0, "40_1x_651_1": 0.0, "41_MIEL_651_1": 0.0, "42_CITRON_651_1": 0.0, "43_4.70_651_1": 0.0, "44_\u20ac4.70_651_1": 0.2, "45_1x_651_1": 0.5, "46_MONTAGNARDE_651_1": 0.09090909090909091, "47_11.00_651_1": 0.0, "48_\u20ac11.00_651_1": 0.16666666666666666, "49_1x_651_1": 0.0, "50_POULETTE_651_1": 0.0, "51_11.00_651_1": 0.0, "52_\u20ac11.00_651_1": 0.16666666666666666, "53_1x_651_1": 0.5, "54_SUCREE_651_1": 0.0, "55_SALEE_651_1": 0.0, "56_\u20ac9.90_651_1": 0.2, "57_9.90_651_1": 0.0, "0_CHANGE:_receipt_00108_1": 0.14285714285714285, "1_0_receipt_00108_1": 0.0, "2_DEBIT:_receipt_00108_1": 0.8333333333333334, "3_30,000_receipt_00108_1": 0.0, "4_Total:_receipt_00108_1": 0.0, "5_30,000_receipt_00108_1": 0.0, "6_Subtotal:_receipt_00108_1": 0.0, "7_30,000_receipt_00108_1": 0.0, "8_PB1:_receipt_00108_1": 0.5, "9_0_receipt_00108_1": 0.0, "10_Less_receipt_00108_1": 0.0, "11_Ice_receipt_00108_1": 0.6666666666666666, "0_CASH_receipt_00528_1": 0.25, "1_100,000_receipt_00528_1": 0.0, "2_TOTAL_receipt_00528_1": 0.0, "0_CHANGED_receipt_00096_1": 0.8571428571428571, "1_30.000_receipt_00096_1": 0.0, "2_CASH_receipt_00096_1": 0.0, "3_52.000_receipt_00096_1": 0.0, "4_22.000_receipt_00096_1": 0.16666666666666666, "5_SUB-TOTAL_receipt_00096_1": 0.0, "6_22.000_receipt_00096_1": 0.0, "0_49,091_receipt_00464_0": 0.0, "1_1_receipt_00464_0": 0.0, "2_UDON_receipt_00464_0": 1.0, "3_NIKU_receipt_00464_0": 0.25, "0_Tel_326_0": 0.0, "1_ROCHELLE_326_0": 0.0, "2_LA_326_0": 0.0, "3_17000_326_0": 0.0, "4_SCIERIE_326_0": 0.0, "5_DE_326_0": 0.0, "6_LA_326_0": 0.0, "7_33_326_0": 0.0, "8_RUE_326_0": 0.0, "9_ROCHELLE_326_0": 0.0, "10_CRF-CITY_326_0": 0.5, "11_LA_326_0": 0.5, "0_16,000_receipt_00418_0": 0.0, "1_PIZZA_receipt_00418_0": 0.0, "2_TOAST_receipt_00418_0": 0.0, "3_1_receipt_00418_0": 1.0, "4_13,000_receipt_00418_0": 0.0, "5_RED_receipt_00418_0": 0.0, "6_BEAN_receipt_00418_0": 0.0, "7_SCREAMING_receipt_00418_0": 0.0, "8_1_receipt_00418_0": 1.0, "9_24,000_receipt_00418_0": 0.0, "10_SOBORO_receipt_00418_0": 0.16666666666666666, "11_SPOOKY_receipt_00418_0": 0.16666666666666666, "12_2_receipt_00418_0": 0.0, "13_27,000_receipt_00418_0": 0.0, "14_CORONET_receipt_00418_0": 0.0, "15_2_receipt_00418_0": 0.0, "16_17,000_receipt_00418_0": 0.0, "17_CROQUETTE_receipt_00418_0": 0.0, "18_TLJ_receipt_00418_0": 0.6666666666666666, "19_1_receipt_00418_0": 1.0, "20_13,000_receipt_00418_0": 0.0, "21_SAUSAGE_receipt_00418_0": 0.14285714285714285, "22_DONUT_receipt_00418_0": 0.0, "23_1_receipt_00418_0": 1.0, "0_CHANGE DUE_receipt_00125_1": 0.0, "1_1,000_receipt_00125_1": 0.0, "2_CASH_receipt_00125_1": 1.0, "3_18,000_receipt_00125_1": 0.3333333333333333, "4_GRAND TOTAL_receipt_00125_1": 0.0, "5_17,000_receipt_00125_1": 0.3333333333333333, "0_CARTE_receipt_00345_0": 0.0, "1_TRAD_receipt_00345_0": 0.0, "2_KY_receipt_00345_0": 0.0, "3_TOAST_receipt_00345_0": 0.0, "4_28.182_receipt_00345_0": 0.0, "0_DESCRIPTION_235_0": 0.0, "1_QTE_235_0": 0.3333333333333333, "2_MONTANT_235_0": 0.2857142857142857, "3_Aytre._235_0": 0.0, "4_Gargot_235_0": 0.0, "5_Nicolas_235_0": 0.0, "6_17440_235_0": 0.0, "7_Rue_235_0": 0.0, "8_Dimanche_235_0": 0.0, "9_9h_235_0": 0.5, "10_a_235_0": 0.0, "11_12h30_235_0": 0.0, "12_Lundi_235_0": 0.0, "13_au_235_0": 0.0, "14_Samedi_235_0": 0.0, "15_de_235_0": 0.0, "16_9h_235_0": 0.5, "17_a_235_0": 0.0, "18_20h00_235_0": 0.0, "19_0546457320_235_0": 0.0, "20_Tel_235_0": 0.0, "21_Carrefour_235_0": 0.0, "22_AYTRE_235_0": 0.0, "23_market_235_0": 0.0, "0_2_receipt_00468_0": 0.0, "1_7.000_receipt_00468_0": 0.0, "2_14.000_receipt_00468_0": 0.0, "3_Sambal_receipt_00468_0": 0.16666666666666666, "4_Kecil_receipt_00468_0": 0.0, "5_1_receipt_00468_0": 0.0, "6_7.000_receipt_00468_0": 0.0, "7_7.000_receipt_00468_0": 0.0, "8_Sambal_receipt_00468_0": 0.16666666666666666, "9_Besar_receipt_00468_0": 0.0, "10_32.000_receipt_00468_0": 0.0, "11_1_receipt_00468_0": 0.0, "12_32.000_receipt_00468_0": 0.0, "13_Nasi_receipt_00468_0": 0.0, "14_CampurBali_receipt_00468_0": 0.1, "15_2_receipt_00468_0": 0.0, "16_52.000_receipt_00468_0": 0.0, "17_104.000_receipt_00468_0": 0.0, "0_TOTAL_receipt_00785_1": 0.0, "1_113,886_receipt_00785_1": 0.0, "2_PB1_receipt_00785_1": 0.0, "3_10%_receipt_00785_1": 0.0, "4_18,126_receipt_00785_1": 0.16666666666666666, "5_SVC_receipt_00785_1": 1.0, "6_CHG_receipt_00785_1": 0.3333333333333333, "7_6%_receipt_00785_1": 1.0, "8_10,260_receipt_00785_1": 0.0, "9_SUBTTL_receipt_00785_1": 0.0, "10_85,500_receipt_00785_1": 0.0, "11_Disc_receipt_00785_1": 0.25, "12_-100% (ITM06)_receipt_00785_1": 0.38461538461538464, "13_-85,500_receipt_00785_1": 0.0, "14_1_receipt_00785_1": 1.0, "15_SALMON_receipt_00785_1": 0.0, "16_PESTO_receipt_00785_1": 0.0, "17_85,500_receipt_00785_1": 0.0, "18_1_receipt_00785_1": 1.0, "19_SALMON_receipt_00785_1": 0.16666666666666666, "20_PESTO_receipt_00785_1": 0.0, "21_85,500_receipt_00785_1": 0.5, "0_EMV_522_1": 0.0, "1_SANS_522_1": 0.0, "2_CONTACT_522_1": 0.0, "3_EUR_522_1": 0.0, "4_CB_522_1": 0.5, "5_6.84\u20ac_522_1": 0.4, "6_4_522_1": 0.0, "7_ARTICLE_522_1": 0.0, "8_(S)_522_1": 0.3333333333333333, "9_TOTAL_522_1": 0.0, "10_A_522_1": 0.0, "11_PAYER_522_1": 0.0, "12_6.84\u20ac_522_1": 0.4, "13_*POULET_522_1": 0.0, "14_CHAMP_522_1": 0.0, "15_NOIR_522_1": 0.0, "16_3.65\u20ac_522_1": 0.4, "17_2.95\u20ac/kg_522_1": 0.25, "18_0.174kg_522_1": 0.14285714285714285, "19_x_522_1": 1.0, "20_*F_522_1": 1.0, "21_POMME_522_1": 0.4, "22_ROYAL_522_1": 0.0, "23_GALA_522_1": 0.0, "24_0.51\u20ac_522_1": 0.4, "25_1.08\u20ac_522_1": 0.4, "26_*80G_522_1": 0.25, "27_CHOC_522_1": 0.0, "28_NOIR_522_1": 0.0, "29_80%_522_1": 0.0, "30_*200G_522_1": 0.4, "31_CAROTTE_522_1": 0.14285714285714285, "32_RAPE_522_1": 0.0, "33_BI_522_1": 0.0, "34_1.60\u20ac_522_1": 0.4, "35_MONTANT_522_1": 0.2857142857142857, "36_DESCRIPTION_522_1": 0.0, "37_QTE_522_1": 1.0, "0_10%_receipt_00222_1": 0.3333333333333333, "1_1,818_receipt_00222_1": 0.2, "0_PAIN_724_1": 0.0, "1_AUX_724_1": 0.6666666666666666, "2_CEREALES_724_1": 0.0, "3_SA_724_1": 0.5, "4_4.50\u20ac_724_1": 0.4, "5_BOUL_724_1": 0.0, "6_PAT_724_1": 0.0, "7_TRAD_724_1": 0.0, "8_>>_724_1": 0.0, "9_1.69\u20ac_724_1": 0.6, "10_POINTE_724_1": 0.0, "11_DE_724_1": 0.0, "12_BRIE_724_1": 0.0, "13_32%_724_1": 0.0, "14_P_724_1": 0.0, "15_1.69\u20ac_724_1": 0.6, "16_POINTE_724_1": 0.0, "17_DE_724_1": 0.0, "18_BRIE_724_1": 0.0, "19_32%_724_1": 0.0, "20_P_724_1": 0.0, "21_PETIT_724_1": 0.0, "22_BILLY_724_1": 0.0, "23_15%_724_1": 0.0, "24_MG_724_1": 1.0, "25_2_724_1": 0.0, "26_2.39\u20ac_724_1": 0.6, "27_EMMENTAL_724_1": 0.0, "28_RAPE_724_1": 0.0, "29_ZIP_724_1": 0.6666666666666666, "30_AU_724_1": 1.0, "31_1.41\u20ac_724_1": 0.4, "32_H_724_1": 0.0, "33_1.41\u20ac_724_1": 0.4, "34_AU_724_1": 1.0, "35_H_724_1": 0.0, "36_EMMENTAL_724_1": 0.0, "37_RAPE_724_1": 0.0, "38_ZIP_724_1": 0.6666666666666666, "39_2.20\u20ac_724_1": 0.4, "40_H_724_1": 0.0, "41_CAMEMBERT_724_1": 0.0, "42_BIO_724_1": 0.0, "43_AUCHAN_724_1": 0.0, "44_CREMERIE_724_1": 0.25, "45_LS_724_1": 1.0, "46_>>_724_1": 0.0, "47_FRAI.S/GLUX6_724_1": 0.16666666666666666, "48_3.23\u20ac_724_1": 0.4, "49_H_724_1": 0.0, "50_MINICAK_724_1": 0.14285714285714285, "51_PEPITE_724_1": 0.0, "52_CH_724_1": 0.0, "53_3.95\u20ac_724_1": 0.4, "54_MINI_724_1": 0.0, "55_CAKES_724_1": 0.2, "56_SS/G_724_1": 0.75, "57_3.03\u20ac_724_1": 0.4, "58_CAKE_724_1": 0.0, "59_CHOCO_724_1": 0.8, "60_H_724_1": 0.0, "61_MINI_724_1": 0.25, "62_FUSILL_724_1": 0.0, "63_SS/GLUT_724_1": 0.0, "64_500G_724_1": 0.25, "65_2.05\u20ac_724_1": 0.4, "66_PROVENCALE_724_1": 0.0, "67_0.92\u20ac_724_1": 0.4, "68_SAUCE_724_1": 0.0, "69_AUC_724_1": 0.0, "0_10_809_0": 0.0, "1_0,95_809_0": 0.5, "2_x_809_0": 1.0, "3_\u20ac_809_0": 2.0, "4_9,50_809_0": 0.25, "5_\u20ac_809_0": 0.0, "6_4.5_809_0": 0.0, "7_B/FARO_809_0": 0.16666666666666666, "8_LINDEMANS_809_0": 0.0, "9_BLE_809_0": 0.0, "10_25CL_809_0": 0.5, "11_LIQUIDES_809_0": 0.0, "12_>>>_809_0": 0.3333333333333333, "13_13/07/17_809_0": 0.125, "14_101_809_0": 0.0, "15_VLM_809_0": 0.6666666666666666, "16_18:51_809_0": 0.0, "17_254035_809_0": 0.16666666666666666, "18_5_809_0": 1.0, "19_Orerateur_809_0": 0.2222222222222222, "20_Date_809_0": 0.0, "21_Heure_809_0": 0.0, "22_Ticket_809_0": 0.16666666666666666, "23_TPV_809_0": 1.0, "24_FAX:_809_0": 0.0, "25_02.40.80.75.06_809_0": 0.07142857142857142, "26_TEL:_809_0": 0.0, "27_02.40.80.55.91_809_0": 0.0, "28_44230_809_0": 0.0, "29_SAINT_809_0": 0.2, "30_SEBASTIEN_809_0": 0.0, "31_SUR_809_0": 0.0, "32_LOIRE_809_0": 0.0, "33_Bd_809_0": 0.5, "34_80_809_0": 0.0, "35_des_809_0": 0.0, "36_Pas_809_0": 0.0, "37_Enchartes_809_0": 0.0, "0_0_receipt_00375_1": 0.0, "1_Kembali_receipt_00375_1": 0.0, "2_315.700_receipt_00375_1": 0.14285714285714285, "3_Kartu_receipt_00375_1": 0.0, "4_315.700_receipt_00375_1": 0.0, "5_Total_receipt_00375_1": 0.0, "6_(10%)_receipt_00375_1": 0.0, "7_28.700_receipt_00375_1": 0.0, "8_PPN_receipt_00375_1": 0.0, "9_10%_receipt_00375_1": 0.0, "10_287.000_receipt_00375_1": 0.0, "11_Subtotal_receipt_00375_1": 0.0, "12_2_receipt_00375_1": 0.0, "13_10.000_receipt_00375_1": 0.0, "14_Mineral_receipt_00375_1": 0.0, "15_Air_receipt_00375_1": 0.3333333333333333, "16_72.000_receipt_00375_1": 0.0, "17_Melon_receipt_00375_1": 0.0, "18_Cheese_receipt_00375_1": 0.0, "19_Tea_receipt_00375_1": 0.0, "20_Hokkaido_receipt_00375_1": 0.0, "21_3_receipt_00375_1": 0.0, "22_grass_receipt_00375_1": 0.0, "23_25.000_receipt_00375_1": 0.0, "24_Lemon_receipt_00375_1": 0.0, "25_(Dine_receipt_00375_1": 0.0, "26_in)_receipt_00375_1": 0.0, "27_tea_receipt_00375_1": 0.0, "28_1_receipt_00375_1": 0.0, "29_180.000_receipt_00375_1": 0.0, "30_Grande_receipt_00375_1": 0.0, "31_3_receipt_00375_1": 0.0, "0_CREAMCHEESE_receipt_00514_0": 0.0, "1_PASTRY_receipt_00514_0": 0.0, "2_13,000_receipt_00514_0": 0.0, "3_1_receipt_00514_0": 0.0, "4_PIE_receipt_00514_0": 0.0, "5_22,000_receipt_00514_0": 0.0, "6_2_receipt_00514_0": 1.0, "0_QTE_541_0": 0.3333333333333333, "1_MONTANT_541_0": 0.2857142857142857, "2_DESCRIPTION_541_0": 0.0, "3_Tel_541_0": 0.0, "4_ORLEANS_541_0": 0.0, "5_45000_541_0": 0.0, "6_1,_541_0": 1.0, "7_GRENIER_541_0": 0.0, "8_A_541_0": 0.0, "9_SEL_541_0": 0.0, "10_RUE_541_0": 0.0, "11_DU_541_0": 2.0, "12_CITY_541_0": 0.75, "13_ORLEANS_541_0": 0.0, "14_CARREFOUR_541_0": 0.0, "0_003_367_2": 0.3333333333333333, "1_000031_367_2": 0.0, "2_25/25/2017_367_2": 0.2, "3_10:08:04_367_2": 0.0, "4_produits_367_2": 0.0, "5_5%_367_2": 0.0, "6_Carrefou_367_2": 0.0, "7_0.10\u20ac_367_2": 0.4, "8_Details:_367_2": 0.0, "9_compte_367_2": 0.0, "10_votre_367_2": 0.0, "11_fidelite_367_2": 0.0, "12_Carrefour._367_2": 0.0, "13_auriez_367_2": 0.0, "14_cumule_367_2": 0.0, "15_0.10\u20ac_367_2": 0.0, "16_sur_367_2": 0.0, "17_vous_367_2": 0.25, "18_aviez_367_2": 0.0, "19_carte_367_2": 0.0, "20_fidelite,_367_2": 0.0, "21_la_367_2": 0.5, "22_EUR_367_2": 0.0, "23_CARTE_367_2": 0.0, "24_BANCAIRE_367_2": 0.0, "25_EMV_367_2": 0.3333333333333333, "26_20.85\u20ac_367_2": 0.3333333333333333, "27_15_367_2": 0.0, "28_AITICLE(S)_367_2": 0.1, "29_TOTAL_367_2": 0.4, "30_A_367_2": 0.0, "31_PAYER_367_2": 0.0, "32_20.85\u20ac_367_2": 0.3333333333333333, "0_QTE_166_0": 1.0, "1_MONTANT_166_0": 0.42857142857142855, "2_DESCRIPTION_166_0": 0.0, "3_:_166_0": 1.0, "4_Tel_166_0": 0.0, "5_ROCHELLE_166_0": 0.0, "6_17000_166_0": 0.0, "7_LA_166_0": 0.0, "8_DE_166_0": 0.0, "9_LA_166_0": 0.0, "10_SCIERIE_166_0": 0.14285714285714285, "11_33_166_0": 0.0, "12_RUE_166_0": 0.0, "13_CRF-CITY_166_0": 0.25, "14_ROCHELLE_166_0": 0.0, "15_LA_166_0": 0.0, "0_Vignette(s)_505_2": 0.0, "1_par_505_2": 0.0, "2_operation_505_2": 0.0, "3_Bravo_505_2": 0.2, "4_cumule_505_2": 0.0, "5_vous_505_2": 0.0, "6_avez_505_2": 0.0, "7_1.0_505_2": 0.0, "8_BIENTOT_505_2": 0.0, "9_Vous_505_2": 0.0, "10_remercie_505_2": 0.0, "11_de_505_2": 0.0, "12_votre_505_2": 0.0, "13_visite_505_2": 0.0, "14_CARREFOUR_505_2": 0.0, "15_MARKET_505_2": 0.0, "16_AYTRE_505_2": 0.0, "17_repris_505_2": 0.0, "18_echange_505_2": 0.0, "19_Solde_505_2": 0.0, "20_ni_505_2": 0.0, "21_ni_505_2": 0.0, "22_000053_505_2": 0.0, "23_17:13:00_505_2": 0.0, "24_0114_505_2": 0.0, "25_008_505_2": 0.0, "26_15/02/2017_505_2": 0.0, "27_CARTE_505_2": 0.0, "28_BANCAIRE_505_2": 0.0, "29_EMV_505_2": 0.0, "30_EUR_505_2": 0.0, "31_11.73\u20ac_505_2": 0.3333333333333333, "0_DESCRIPTION_451_0": 0.0, "1_QTE_451_0": 1.0, "2_MONTANT_451_0": 0.2857142857142857, "3_:_451_0": 1.0, "4_Tel_451_0": 0.0, "5_17000_451_0": 0.0, "6_LA_451_0": 0.0, "7_ROCHELLE_451_0": 0.0, "8_33_451_0": 0.0, "9_RUE_451_0": 0.0, "10_DE_451_0": 0.0, "11_SCIERIE_451_0": 0.0, "12_LA_451_0": 0.0, "13_CRF-CITY_451_0": 0.0, "14_LA_451_0": 0.5, "15_ROCHELLE_451_0": 0.0, "0_BIENTOT_559_1": 0.0, "1_A_559_1": 0.0, "2_0004_559_1": 0.0, "3_000022_559_1": 0.0, "4_15/07/2017_559_1": 0.0, "5_002_559_1": 0.0, "6_11:02:31_559_1": 0.0, "7_CB_559_1": 0.0, "8_EMV_559_1": 0.0, "9_SANS_559_1": 0.0, "10_CONTACT_559_1": 0.0, "11_EUR_559_1": 0.0, "12_5.80\u20ac_559_1": 0.4, "13_(S)_559_1": 0.6666666666666666, "14_ARTICLE_559_1": 0.0, "15_TOTAL_559_1": 0.0, "16_A_559_1": 1.0, "17_4_559_1": 1.0, "18_PAYER_559_1": 0.0, "19_5.80\u20ac_559_1": 0.4, "20_*PET_559_1": 0.0, "21_6X1.5L_559_1": 0.16666666666666666, "22_EAU_559_1": 0.0, "23_2.28\u20ac_559_1": 0.4, "24_SCE_559_1": 0.0, "25_C_559_1": 1.0, "26_2x_559_1": 1.0, "27_1.14_559_1": 0.0, "28_EC_559_1": 0.0, "29_*1L_559_1": 0.6666666666666666, "30_LT_559_1": 1.0, "31_MATIN_559_1": 0.0, "32_LEG_559_1": 0.3333333333333333, "33_2x_559_1": 0.5, "34_1.76_559_1": 0.0, "35_3.52\u20ac_559_1": 0.4, "0_10001396_702_0": 0.0, "1_BLOUSON_702_0": 0.0, "2_TF_702_0": 1.5, "3_2000_702_0": 0.0, "4_25,99_702_0": 0.2, "5_25,_702_0": 0.3333333333333333, "6_T_702_0": 1.0, "7_1_702_0": 0.0, "8_99_702_0": 0.0, "9_V_702_0": 1.0, "10_TVA_702_0": 0.0, "11_P_702_0": 0.0, "12_UN_702_0": 0.0, "13_PRIX/U_702_0": 0.16666666666666666, "14_TOTAL_702_0": 0.0, "15_C_702_0": 1.0, "16_136831_702_0": 0.0, "17_1277_702_0": 0.5, "18_02_702_0": 0.0, "19_Trans:_702_0": 0.16666666666666666, "20_l66824_702_0": 0.16666666666666666, "21_24/03/2017_702_0": 0.2, "22_16:49_702_0": 0.0, "23_86464_702_0": 0.0, "24_Telephone_702_0": 0.0, "25_05.46.56.58_702_0": 0.7272727272727273, "26_50_702_0": 0.0, "27_ZARA_702_0": 0.0, "28_LA_702_0": 0.5, "29_ROCHELLE_702_0": 0.0, "30_348_702_0": 0.0, "31_991_702_0": 0.0, "32_555_702_0": 0.3333333333333333, "0_1_receipt_00683_0": 1.0, "1_Madu_receipt_00683_0": 0.25, "2_25000_receipt_00683_0": 0.4, "3_25000_receipt_00683_0": 0.2, "4_Transparant_receipt_00683_0": 0.09090909090909091, "5_Sabun_receipt_00683_0": 0.4, "6_31000_receipt_00683_0": 0.4, "7_31000_receipt_00683_0": 0.2, "8_Propolis_receipt_00683_0": 0.0, "9_Sabun_receipt_00683_0": 0.4, "10_1_receipt_00683_0": 1.0, "11_46000_receipt_00683_0": 0.4, "12_46000_receipt_00683_0": 0.0, "13_Shampo_receipt_00683_0": 0.16666666666666666, "14_Aloevera_receipt_00683_0": 0.125, "15_1_receipt_00683_0": 1.0, "0_OFFRE_582_2": 0.0, "1_CARREFOUR_582_2": 0.0, "2_Carte_582_2": 0.0, "3_CARREFOUR_582_2": 0.0, "4_35,01_582_2": 0.0, "5_Bancaires_582_2": 0.1111111111111111, "6_\u20ac_582_2": 0.0, "7_Cartes_582_2": 0.16666666666666666, "8_35,01_582_2": 0.2, "9_17_582_2": 0.5, "10_ARTICLES_582_2": 0.0, "11_TOTAL_582_2": 0.0, "12_A_582_2": 0.0, "13_PAYER_582_2": 0.2, "14_Hygiene_582_2": 0.42857142857142855, "15_0,96_582_2": 0.5, "16_Total_582_2": 0.0, "17_Soins_582_2": 0.0, "18_Beaute_582_2": 0.0, "19_110_582_2": 0.0, "20_0,96_582_2": 0.0, "21_MOUCHOIR_582_2": 0.125, "22_34,05_582_2": 0.4, "23_Alimentaire_582_2": 0.0, "24_Total_582_2": 0.0, "25_1,56_582_2": 0.25, "26_EDUL/POUDRE_582_2": 0.0, "27_SUCRAL_582_2": 0.0, "28_4_582_2": 1.0, "0_ _receipt_00107_0": 2.0, "0_1L_776_1": 0.5, "1_0.84_776_1": 0.0, "2_2_776_1": 1.0, "3_LIQUIDE_776_1": 0.0, "4_1.60_776_1": 0.0, "5_2_776_1": 1.0, "6_MAYO.CITRON_776_1": 0.2727272727272727, "7_255G_776_1": 0.25, "8_BOCAL_776_1": 0.0, "9_5_776_1": 1.0, "10_7L.7L_776_1": 1.0, "11_0.95_776_1": 0.0, "12_LITIERE_776_1": 0.0, "13_CHAT_776_1": 0.0, "14_POUR_776_1": 0.0, "15_0.68EUR_776_1": 0.0, "16_2.04_776_1": 0.0, "17_5_776_1": 1.0, "18_EXQUIS_776_1": 0.0, "19_THON/CREVETTE_776_1": 0.0, "20_80G_776_1": 1.0, "21_LYCAT_776_1": 0.2, "22_*_776_1": 1.0, "23_0.68_776_1": 0.0, "24_5_776_1": 1.0, "25_*_776_1": 1.0, "26_THON/CREVETTE_776_1": 0.0, "27_LYCAT_776_1": 1.0, "28_EXQUIS_776_1": 0.0, "29_80G_776_1": 0.6666666666666666, "30_0.68EUR_776_1": 0.0, "31_4X_776_1": 1.0, "32_5_776_1": 1.0, "33_2.72_776_1": 0.25, "34_THON/CREVETTE_776_1": 0.0, "35_LYCAT_776_1": 1.0, "36_*_776_1": 1.0, "37_80G_776_1": 0.6666666666666666, "38_EXQUIS_776_1": 0.16666666666666666, "39_2.72_776_1": 0.25, "40_5_776_1": 1.0, "41_0.68EUR_776_1": 0.14285714285714285, "42_THON/CREVETTE_776_1": 0.0, "43_80G_776_1": 0.3333333333333333, "44_LYCAT_776_1": 0.0, "45_*_776_1": 1.0, "46_EXQUIS_776_1": 0.0, "47_2_776_1": 1.0, "48_DOUCEUR_776_1": 0.0, "49_1.06_776_1": 0.25, "50_*_776_1": 1.0, "51_FIGUES_776_1": 0.0, "52_MAMIE_776_1": 0.0, "53_CONF_776_1": 0.0, "54_370G_776_1": 0.25, "55_RUSTICA,_776_1": 0.125, "56_1.81_776_1": 0.0, "57_*_776_1": 1.0, "58_10URNESOL_776_1": 0.2222222222222222, "59_1L_776_1": 1.0, "60_HUILE_776_1": 0.0, "61_DE_776_1": 0.0, "62_AMORA38OG_776_1": 0.3333333333333333, "63_2_776_1": 0.0, "64_1.75_776_1": 0.0, "65_CORNICHONS_776_1": 0.0, "66_CRO0'VERT_776_1": 0.2222222222222222, "67_>>>_776_1": 1.0, "68_EPICERIE_776_1": 0.0, "0_BIENTOT_304_2": 0.0, "1_A_304_2": 0.0, "2_MERCI_304_2": 0.0, "3_DE_304_2": 0.0, "4_VOTRE_304_2": 0.0, "5_VISITE_304_2": 0.0, "0_A_271_1": 0.0, "1_BIENTOT_271_1": 0.0, "2_MERCI_271_1": 0.2, "3_DE_271_1": 0.0, "4_VOTRE_271_1": 0.0, "5_VISITE_271_1": 0.0, "6_11/07/2017_271_1": 0.0, "7_003_271_1": 0.0, "8_000123_271_1": 0.3333333333333333, "9_12:05:23_271_1": 0.125, "10_CB_271_1": 0.5, "11_EMV_271_1": 0.6666666666666666, "12_SANS_271_1": 0.0, "13_CONTACT_271_1": 0.0, "14_EUR_271_1": 0.0, "15_8.61\u20ac_271_1": 0.0, "16_ATICLE(S)_271_1": 0.2222222222222222, "17_3_271_1": 0.0, "18_TOTAL_271_1": 0.8, "19_A_271_1": 0.0, "20_PAYER_271_1": 0.0, "21_8.61\u20ac_271_1": 0.4, "22_*TOHATI_271_1": 0.14285714285714285, "23_JAUNE_271_1": 0.2, "24_BQ_271_1": 0.5, "25_250G_271_1": 0.25, "26_2.95\u20ac_271_1": 0.4, "27_NOIR/VER_271_1": 0.125, "28_*MLG_271_1": 0.75, "29_IVE_271_1": 0.6666666666666666, "30_2.23\u20ac_271_1": 0.4, "31_*KINDEI_271_1": 0.7142857142857143, "32_SCHOKOBONS_271_1": 0.1, "33_3.43\u20ac_271_1": 0.4, "0_@_X51005301659_1": 0.0, "1_15.00_X51005301659_1": 0.0, "2_0.90_X51005301659_1": 0.25, "3_6%_X51005301659_1": 0.0, "4_SR_X51005301659_1": 0.0, "5_(RM)_X51005301659_1": 0.0, "6_Summary_X51005301659_1": 0.14285714285714285, "7_(RM)_X51005301659_1": 0.0, "8_Amount_X51005301659_1": 0.0, "9_Tax_X51005301659_1": 0.3333333333333333, "10_Item(s):_X51005301659_1": 0.5, "11_Total_X51005301659_1": 0.0, "12_1_X51005301659_1": 0.0, "13_Change_X51005301659_1": 0.0, "14_Due_X51005301659_1": 0.3333333333333333, "15_34.10_X51005301659_1": 0.0, "16_:_X51005301659_1": 1.0, "17_:_X51005301659_1": 1.0, "18_Payment_X51005301659_1": 0.0, "19_50.00_X51005301659_1": 0.0, "20_Rounded_X51005301659_1": 0.0, "21_15.90_X51005301659_1": 0.0, "22_Amt_X51005301659_1": 0.0, "23_Total_X51005301659_1": 0.0, "24_GST_X51005301659_1": 0.3333333333333333, "25_15.90_X51005301659_1": 0.2, "26_Total_X51005301659_1": 0.0, "27_Incl._X51005301659_1": 0.0, "28_of_X51005301659_1": 0.0, "29_GST_X51005301659_1": 0.0, "30_15.00_X51005301659_1": 0.0, "31_Total_X51005301659_1": 0.0, "32_Excl._X51005301659_1": 0.2, "33_of_X51005301659_1": 0.0, "34_:_X51005301659_1": 1.0, "35_Subtotat_X51005301659_1": 0.125, "36_15.90_X51005301659_1": 0.0, "37_15.90_X51005301659_1": 0.0, "38_15.90_X51005301659_1": 0.0, "39_SR_X51005301659_1": 0.0, "40_1.00_X51005301659_1": 0.0, "41_M.ONE_X51005301659_1": 0.0, "42_TAPE_X51005301659_1": 0.0, "43_24MMX7Y_X51005301659_1": 0.2857142857142857, "0_TOMATES_668_2": 0.0, "1_1.00\u20ac_668_2": 0.4, "2_TOMATES_668_2": 0.0, "3_1.00\u20ac_668_2": 0.4, "4_1.79_668_2": 0.0, "5_1.045kg_668_2": 0.0, "6_x_668_2": 1.0, "7_TOMATE_668_2": 0.0, "8_RONDE_668_2": 0.0, "9_GRAPPE_668_2": 0.0, "10_1.87\u20ac_668_2": 0.4, "11_CHAMP_668_2": 0.0, "12_BQ_668_2": 0.0, "13_500G_668_2": 0.25, "14_1.50\u20ac_668_2": 0.4, "15_FRAISE_668_2": 0.0, "16_PLATEAU_668_2": 0.0, "17_1KG_668_2": 0.3333333333333333, "18_4.99\u20ac_668_2": 0.4, "19_1.240kg_668_2": 0.0, "20_1.79e/kg_668_2": 0.25, "21_x_668_2": 1.0, "22_BANANE_668_2": 0.0, "23_2.22\u20ac_668_2": 0.4, "24_FLEG_668_2": 0.0, "25_FLEURS_668_2": 0.0, "26_PLANTES_668_2": 0.0, "27_>>_668_2": 0.0, "28_EXTRA_668_2": 0.0, "29_LARGE_668_2": 0.0, "30_0.78\u20ac_668_2": 0.4, "31_BRIOCH_668_2": 0.0, "32_TRESSE_668_2": 0.0, "33_NAT_668_2": 0.0, "34_PA_668_2": 0.0, "35_2.75\u20ac_668_2": 0.4, "36_BOUL_668_2": 0.0, "37_PAT_668_2": 0.0, "38_INDUS_668_2": 0.0, "39_>>_668_2": 0.0, "40_4_668_2": 0.0, "41_0.29\u20ac_668_2": 0.4, "42_BAGUETTE_668_2": 0.0, "43_250G_668_2": 0.25, "44_1.16\u20ac_668_2": 0.4, "45_BOUL_668_2": 0.0, "46_PAT_668_2": 0.0, "47_TRAD_668_2": 0.0, "0_19,000_receipt_00725_0": 0.0, "1_1_receipt_00725_0": 0.0, "2_POTATO_receipt_00725_0": 0.0, "3_SAUSAGE_receipt_00725_0": 0.14285714285714285, "4_BREAD_receipt_00725_0": 0.0, "5_16,500_receipt_00725_0": 0.0, "6_GANACHE_receipt_00725_0": 0.0, "7_REAL_receipt_00725_0": 0.0, "8_1_receipt_00725_0": 1.0, "9_13,000_receipt_00725_0": 0.0, "10_CREAMCHEESE_receipt_00725_0": 0.0, "11_PASTRY_receipt_00725_0": 0.0, "12_APPLE_receipt_00725_0": 0.0, "13_1_receipt_00725_0": 0.0, "14_CUSTARD_receipt_00725_0": 0.0, "15_PASTRY_receipt_00725_0": 0.0, "16_24,000_receipt_00725_0": 0.0, "17_CHOCO_receipt_00725_0": 0.0, "18_2_receipt_00725_0": 0.0, "0_:_74_0": 1.0, "1_Tel_74_0": 0.0, "2_ROCHELLE_74_0": 0.0, "3_17000_74_0": 0.0, "4_LA_74_0": 0.0, "5_SCIERIE_74_0": 0.0, "6_RUE_74_0": 0.0, "7_DE_74_0": 0.0, "8_LA_74_0": 0.5, "9_33_74_0": 0.0, "10_ROCHELLE_74_0": 0.0, "11_CRF-CITY_74_0": 0.0, "12_LA_74_0": 0.0, "0_07:30:07_74_1": 0.0, "1_19/12/2016_74_1": 0.0, "2_002_74_1": 0.0, "3_000014_74_1": 0.0, "4_0101_74_1": 0.0, "5_5.61\u20ac_74_1": 0.4, "6_EUR_74_1": 0.0, "7_CONTACT_74_1": 0.0, "8_CB_74_1": 0.0, "9_EMV_74_1": 0.3333333333333333, "10_SANS_74_1": 0.0, "11_(S)_74_1": 0.6666666666666666, "12_5.61\u20ac_74_1": 0.4, "13_A_74_1": 0.0, "14_PAYER_74_1": 0.0, "15_TOTAL_74_1": 0.8, "16_1.96\u20ac_74_1": 0.4, "17_*P.J.MULTIFRUITS_74_1": 0.25, "18_1L_74_1": 0.5, "19_1.51e_74_1": 0.4, "20_CHOCO.CRF_74_1": 0.1111111111111111, "21_X4_74_1": 0.5, "22_*CREME_74_1": 0.3333333333333333, "23_0.30\u20ac_74_1": 0.4, "24_*CHOCOLATINE_74_1": 0.0, "25_2_74_1": 0.0, "26_X_74_1": 0.0, "27_0.84\u20ac_74_1": 0.4, "28_250G_74_1": 0.25, "29_*BAGUETTE_74_1": 0.1111111111111111, "30_MONTANT_74_1": 0.0, "31_QTE_74_1": 1.0, "32_DESCRIPTION_74_1": 0.0, "0_PLT_61_1": 0.0, "1_X2_61_1": 0.5, "2_HAL_61_1": 0.0, "3_ESCALOP_61_1": 0.0, "4_4.16\u20ac_61_1": 0.4, "5_0.2583_61_1": 0.0, "6_x_61_1": 0.0, "7_13.32\u20ac_61_1": 0.3333333333333333, "8_ESCAL.DINDE_61_1": 0.0, "9_HALLAL_61_1": 0.0, "10_3.44\u20ac_61_1": 0.4, "11_0.4000kg_61_1": 0.125, "12_x_61_1": 0.0, "13_2.20\u20ac/kg_61_1": 0.125, "14_ENDIVE_61_1": 0.0, "15_0.88\u20ac_61_1": 0.4, "16_2.50\u20ac_61_1": 0.4, "17_COCKTAIL_61_1": 0.0, "18_MER_61_1": 0.3333333333333333, "19_FT_61_1": 0.5, "20_4.33\u20ac_61_1": 0.4, "21_COCA_61_1": 1.0, "22_COLA_61_1": 0.0, "23_50CL_61_1": 0.25, "24_1.20\u20ac_61_1": 0.4, "25_0.2950kg_61_1": 0.125, "26_0.99\u20ac/kg_61_1": 0.375, "27_x_61_1": 0.0, "28_CAROTTE_61_1": 0.0, "29_0.29\u20ac_61_1": 0.2, "30_BQT_61_1": 0.6666666666666666, "31_4FRT_61_1": 0.0, "32_R.GALA_61_1": 0.16666666666666666, "33_FR_61_1": 0.0, "34_2.20\u20ac_61_1": 0.4, "35_FEUIL.BRICK_61_1": 0.0, "36_CRF_61_1": 0.0, "37_0.93\u20ac_61_1": 0.4, "38_6_61_1": 1.0, "39_OEUF_61_1": 0.0, "40_GROS_61_1": 0.0, "41_EXTRA_61_1": 0.0, "42_1.19\u20ac_61_1": 0.4, "43_10CL_61_1": 0.25, "44_CREME_61_1": 0.0, "45_FRAICHE_61_1": 0.0, "46_0.68\u20ac_61_1": 0.4, "0_CASH_receipt_00578_1": 0.25, "1_50,000_receipt_00578_1": 0.0, "0_90,000_receipt_00260_0": 0.5, "1_BOKKEPOOTJES_receipt_00260_0": 0.25, "2_1.0_receipt_00260_0": 1.0, "3_18,000_receipt_00260_0": 1.0, "4_AMANDEL_receipt_00260_0": 0.2857142857142857, "5_1.0_receipt_00260_0": 0.6666666666666666, "6_BROOD_receipt_00260_0": 0.2, "7_19,000_receipt_00260_0": 0.16666666666666666, "8_1.0_receipt_00260_0": 1.0, "9_SAUCYS_receipt_00260_0": 0.8333333333333334, "10_BROOD_receipt_00260_0": 0.8, "11_NOUGAT_receipt_00260_0": 0.8333333333333334, "12_ICE_receipt_00260_0": 1.0, "13_CREAM_receipt_00260_0": 0.4, "14_20,000_receipt_00260_0": 0.0, "15_1.0_receipt_00260_0": 1.0, "16_55,000_receipt_00260_0": 0.16666666666666666, "17_MOZZARELA_receipt_00260_0": 0.2222222222222222, "18_STICK_receipt_00260_0": 1.0, "19_1.0_receipt_00260_0": 1.0, "20_BITTERBALLEN_receipt_00260_0": 0.08333333333333333, "21_33,000_receipt_00260_0": 0.16666666666666666, "22_1.0_receipt_00260_0": 0.0, "0_TAX_receipt_00632_0": 0.0, "1_10%_receipt_00632_0": 0.0, "2_2,000_receipt_00632_0": 0.0, "3_20,000_receipt_00632_0": 0.0, "4_2_receipt_00632_0": 2.0, "5_MACARON_receipt_00632_0": 0.0, "6_BLUE_receipt_00632_0": 0.0, "7_22,000_receipt_00632_0": 0.6666666666666666, "0_Subtotal_receipt_00735_0": 0.0, "1_75,906_receipt_00735_0": 0.0, "2_SPC_receipt_00735_0": 0.0, "3_1_receipt_00735_0": 1.0, "4_18,181_receipt_00735_0": 0.0, "5_I_receipt_00735_0": 1.0, "6_ROA_receipt_00735_0": 0.0, "7_GORENG_receipt_00735_0": 0.16666666666666666, "8_MATAH_receipt_00735_0": 0.0, "9_I_receipt_00735_0": 1.0, "10_SBL_receipt_00735_0": 0.0, "11_18,181_receipt_00735_0": 0.0, "12_1_receipt_00735_0": 0.0, "13_SPECIAL_receipt_00735_0": 0.0, "14_1_receipt_00735_0": 0.0, "15_I_receipt_00735_0": 1.0, "16_TRIPL_receipt_00735_0": 0.0, "17_18,636_receipt_00735_0": 0.0, "18_CHZ_receipt_00735_0": 0.0, "19_2_receipt_00735_0": 0.0, "20_AIR_receipt_00735_0": 0.0, "21_MINERAL_receipt_00735_0": 0.0, "22_15,454_receipt_00735_0": 0.0, "23_TEH_receipt_00735_0": 0.0, "24_1_receipt_00735_0": 0.0, "25_TAWAR_receipt_00735_0": 0.0, "26_5,454_receipt_00735_0": 0.0, "0_90_receipt_00601_1": 0.5, "1_Change_receipt_00601_1": 0.3333333333333333, "2_CASH_receipt_00601_1": 1.0, "3_TOTAL_receipt_00601_1": 1.0, "4_5,810_receipt_00601_1": 0.2, "5_Tax_receipt_00601_1": 0.3333333333333333, "6_58,100_receipt_00601_1": 0.6666666666666666, "7_Subtotal_receipt_00601_1": 0.125, "8_QT_receipt_00601_1": 1.0, "9_8_receipt_00601_1": 0.0, "10_-58,100_receipt_00601_1": 0.2857142857142857, "11_Disc_receipt_00601_1": 0.0, "12_50%_receipt_00601_1": 0.0, "13_116,200_receipt_00601_1": 0.2857142857142857, "14_Subtotal_receipt_00601_1": 0.125, "15_13,500_receipt_00601_1": 0.3333333333333333, "16_1_receipt_00601_1": 2.0, "17_ONIGIRI_receipt_00601_1": 0.0, "0_ _receipt_00295_0": 2.0, "0_:_238_1": 1.0, "1_Carte_238_1": 0.0, "2_Votre_238_1": 0.0, "3_Monnaie_238_1": 0.0, "4_-15.14\u20ac_238_1": 0.2857142857142857, "5_ESPECES_238_1": 0.0, "6_EUR_238_1": 0.0, "7_20.00\u20ac_238_1": 0.3333333333333333, "8_ARTICLE_238_1": 0.0, "9_4_238_1": 0.0, "10_(S)_238_1": 0.6666666666666666, "11_TOTAL_238_1": 0.0, "12_A_238_1": 0.0, "13_PAYER_238_1": 0.0, "14_4.86\u20ac_238_1": 0.4, "15_TOTAL_238_1": 0.0, "16_ALIMENTAIRE_238_1": 0.09090909090909091, "17_4.86\u20ac_238_1": 0.4, "18_*YAOURT_238_1": 0.14285714285714285, "19_AROM.VANILL_238_1": 0.36363636363636365, "20_1.89\u20ac_238_1": 0.4, "21_TUBE_238_1": 0.0, "22_70G_238_1": 0.3333333333333333, "23_HARISSA_238_1": 0.0, "24_2x_238_1": 1.0, "25_0.49_238_1": 0.0, "26_0.98\u20ac_238_1": 0.4, "27_*CHAIR_238_1": 0.16666666666666666, "28_A_238_1": 1.0, "29_SAUCISSE_238_1": 0.0, "30_1.99\u20ac_238_1": 0.6, "0_ _receipt_00171_0": 4.0, "0_A_103_1": 0.0, "1_BIENTOT_103_1": 0.0, "2_MERCI_103_1": 0.0, "3_DE_103_1": 0.0, "4_VOTRE_103_1": 0.0, "5_VISITE_103_1": 0.0, "6_000269_103_1": 0.0, "7_26/01/2017_103_1": 0.0, "8_14:15:44_103_1": 0.0, "9_0007_103_1": 0.0, "10_004_103_1": 1.0, "11_4.30\u20ac_103_1": 0.4, "12_EMV_103_1": 0.0, "13_SANS_103_1": 0.0, "14_CONTACT_103_1": 0.0, "15_EUR_103_1": 0.0, "16_CB_103_1": 0.0, "17_4.30\u20ac_103_1": 0.4, "18_(S)_103_1": 0.6666666666666666, "19_TOTAL_103_1": 0.0, "20_A_103_1": 0.0, "21_PAYER_103_1": 0.0, "22_2_103_1": 0.0, "23_ARTICLE_103_1": 0.0, "24_2.70\u20ac_103_1": 0.4, "25_*FOUGASSETTE_103_1": 0.16666666666666666, "26_BLEU&NOI_103_1": 0.25, "27_BIO_103_1": 0.3333333333333333, "28_1.60\u20ac_103_1": 0.4, "29_*CAROTTE_103_1": 0.0, "30_RAPE_103_1": 0.0, "31_QTE_103_1": 0.6666666666666666, "32_MONTANT_103_1": 0.14285714285714285, "33_DESCRIPTION_103_1": 0.0, "0_ _receipt_00596_0": 2.0, "0_15000_receipt_00117_0": 0.2, "1_Aloe_receipt_00117_0": 0.0, "2_1_receipt_00117_0": 0.0, "3_15000_receipt_00117_0": 0.0, "4_Lemongrass_receipt_00117_0": 0.0, "5_RTD_receipt_00117_0": 0.0, "6_15000_receipt_00117_0": 0.0, "7_15000_receipt_00117_0": 0.0, "8_Madu_receipt_00117_0": 0.0, "9_Aloevera_receipt_00117_0": 0.0, "10_1_receipt_00117_0": 0.0, "11_RTD_receipt_00117_0": 0.0, "12_15000_receipt_00117_0": 0.0, "13_1_receipt_00117_0": 1.0, "14_15000_receipt_00117_0": 0.0, "15_Aloevera_receipt_00117_0": 0.0, "16_Rosella_receipt_00117_0": 0.0, "17_RTD_receipt_00117_0": 0.3333333333333333, "18_15000_receipt_00117_0": 0.0, "19_15000_receipt_00117_0": 0.0, "20_Relaxing _receipt_00117_0": 0.1111111111111111, "21_Drink_receipt_00117_0": 0.2, "22_1_receipt_00117_0": 1.0, "23_RTD_receipt_00117_0": 0.0, "0_A bientot_219_2": 0.2222222222222222, "1_votre_219_2": 0.0, "2_visite_219_2": 0.0, "3_Vous_219_2": 0.0, "4_de_219_2": 1.5, "5_CARREFOUR_219_2": 0.1111111111111111, "6_ARKET_219_2": 0.0, "7_AYTRE_219_2": 0.0, "8_0108_219_2": 0.0, "9_000075_219_2": 0.0, "10_04/12/2014_219_2": 0.0, "11_18:10:54_219_2": 0.0, "12_006_219_2": 1.0, "13_Carte_219_2": 0.0, "0_CITY_202_1": 1.0, "1_CARREFOUR_202_1": 0.0, "2_VOUS_202_1": 1.0, "3_REMERCIE_202_1": 0.0, "4_0003_202_1": 0.25, "5_001_202_1": 1.0, "6_000063_202_1": 0.0, "7_24/09/2014_202_1": 0.0, "8_14:22:20_202_1": 0.0, "9_Votre_202_1": 0.0, "10_Monnaie_202_1": 0.0, "11_-2.84\u20ac_202_1": 0.3333333333333333, "12_ESPECES_202_1": 0.0, "13_EUR_202_1": 0.0, "14_5.00\u20ac_202_1": 0.4, "15_TOTAL_202_1": 0.0, "16_A_202_1": 1.0, "17_PAYER_202_1": 0.4, "18_2.16\u20ac_202_1": 0.6, "19_BHG.CAMP.JBN_202_1": 0.5, "20_EHN._202_1": 0.5, "21_2.16\u20ac_202_1": 0.8, "22_BHG.CAMP.JBN_202_1": 0.4166666666666667, "23_EHM._202_1": 0.5, "24_2.16\u20ac_202_1": 0.6, "0_Pay_receipt_00267_1": 0.6666666666666666, "1_9,000_receipt_00267_1": 0.6, "2_Cash_receipt_00267_1": 0.25, "3_50.000_receipt_00267_1": 0.5, "4_Total._receipt_00267_1": 0.16666666666666666, "5_41.000_receipt_00267_1": 0.5, "6_ITEMS:1_receipt_00267_1": 0.5714285714285714, "7_41,000_receipt_00267_1": 1.0, "8_1_receipt_00267_1": 0.0, "9_- Pedas_receipt_00267_1": 0.2857142857142857, "10_0_receipt_00267_1": 2.0, "11_1_receipt_00267_1": 0.0, "12_BBQ_receipt_00267_1": 0.3333333333333333, "13_Chicken_receipt_00267_1": 0.14285714285714285, "14_41,000_receipt_00267_1": 0.3333333333333333, "0_A_454_1": 0.0, "1_BIENTOT_454_1": 0.0, "2_MERCI_454_1": 0.0, "3_DE_454_1": 0.0, "4_VOTRE_454_1": 0.0, "5_VISITE_454_1": 0.0, "6_0003_454_1": 0.0, "7_002_454_1": 0.0, "8_000209_454_1": 0.0, "9_10/03/2017_454_1": 0.0, "10_11:21:52_454_1": 0.0, "11_CARTE_454_1": 0.0, "12_BANCAIRE_454_1": 0.0, "13_EMV_454_1": 0.0, "14_EUR_454_1": 0.0, "15_4.38\u20ac_454_1": 0.4, "16_2_454_1": 0.0, "17_ARTICLE_454_1": 0.0, "18_(S)_454_1": 1.0, "19_TOTAL_454_1": 0.6, "20_PAYER_454_1": 0.0, "21_A_454_1": 0.0, "22_4.38\u20ac_454_1": 0.4, "23_0.255kg_454_1": 0.14285714285714285, "24_x_454_1": 0.0, "25_2.50\u20ac/kg_454_1": 0.125, "26_*ORANGE_454_1": 0.0, "27_0.64\u20ac_454_1": 0.4, "28_*320G_454_1": 0.4, "29_SLDE_454_1": 0.0, "30_ROMA_454_1": 0.0, "31_JBN_454_1": 0.0, "32_3.74\u20ac_454_1": 0.4, "0_Total_receipt_00686_1": 0.0, "1_Tax_receipt_00686_1": 0.6666666666666666, "2_11,445_receipt_00686_1": 0.16666666666666666, "3_114,450_receipt_00686_1": 0.14285714285714285, "0_12:54:54_278_1": 0.0, "1_004_278_1": 0.0, "2_14/02/2017_278_1": 0.0, "3_000217_278_1": 0.0, "4_0001_278_1": 0.0, "5_6.44\u20ac_278_1": 0.4, "6_BANCAIRE_278_1": 0.0, "7_EMV_278_1": 0.0, "8_EUR_278_1": 0.0, "9_CARTE_278_1": 0.0, "10_6.44\u20ac_278_1": 0.4, "11_(S)_278_1": 1.0, "12_PAYER_278_1": 0.0, "13_ARTICLE_278_1": 0.0, "14_TOTAL_278_1": 0.6, "15_A_278_1": 0.0, "16_4_278_1": 0.0, "17_2.52\u20ac_278_1": 0.4, "18_1.20\u20ac_278_1": 0.4, "19_CRISTALINE_278_1": 0.0, "20_X6_278_1": 0.0, "21_*EAU_278_1": 0.5, "22_3.20\u20ac/kg_278_1": 0.125, "23_0.350kg_278_1": 0.14285714285714285, "24_x_278_1": 0.0, "25_1.12\u20ac_278_1": 0.4, "26_*CLEMENTINE_278_1": 0.09090909090909091, "27_1.60\u20ac_278_1": 0.4, "28_*CAROTTE_278_1": 0.0, "29_RAPE_278_1": 0.0, "30_BIO_278_1": 0.0, "0_:_296_0": 2.0, "1_Tel_296_0": 0.0, "2_17000_296_0": 0.0, "3_33_296_0": 0.0, "4_RUE_296_0": 0.0, "5_DE_296_0": 0.0, "6_LA_296_0": 0.5, "7_SCIERIE_296_0": 0.0, "8_CRF-CITY_296_0": 0.0, "9_LA_296_0": 1.0, "10_ROCHELLE_296_0": 0.0, "0_50,500_receipt_00570_1": 0.16666666666666666, "1_CASH_receipt_00570_1": 0.0, "0_glazed_receipt_00430_0": 0.0, "1_4005-Maple_receipt_00430_0": 0.1, "0_A_603_1": 0.0, "1_0,505_603_1": 0.4, "2_divers_603_1": 0.0, "3_Article_603_1": 0.14285714285714285, "4_A_603_1": 0.0, "5_divers_603_1": 0.0, "6_Article_603_1": 0.2857142857142857, "7_d'article_603_1": 0.1111111111111111, "8_Nom_603_1": 0.0, "9_15-07-2017_603_1": 0.2, "10_Heure:_603_1": 0.0, "11_12:10:25_603_1": 0.0, "12_Balance:_603_1": 0.0, "13_68_603_1": 1.0, "14_Vendeur:_603_1": 0.125, "15_Vendeur_603_1": 0.0, "16_5_603_1": 1.0, "17_Numero_603_1": 0.0, "18_de_603_1": 0.0, "19_ticket:_603_1": 0.14285714285714285, "20_6803394_603_1": 0.0, "0_MERCI_547_1": 0.0, "1_DE_547_1": 0.0, "2_VOTRE_547_1": 0.0, "3_VISITE_547_1": 0.0, "4_0001_547_1": 0.75, "5_005_547_1": 0.3333333333333333, "6_000080_547_1": 0.3333333333333333, "7_02/03/2017_547_1": 0.0, "8_12:32:54_547_1": 0.0, "9_-6.02\u20ac_547_1": 0.3333333333333333, "10_Votre_547_1": 0.0, "11_Monnaie_547_1": 0.0, "12_ESPECES_547_1": 0.0, "13_EUR_547_1": 0.0, "14_10.00\u20ac_547_1": 0.3333333333333333, "15_(S)_547_1": 0.6666666666666666, "16_2_547_1": 0.0, "17_ARTICLE_547_1": 0.0, "18_TOTAL_547_1": 0.0, "19_A_547_1": 0.0, "20_PAYER_547_1": 0.0, "21_3.98\u20ac_547_1": 0.4, "22_PENNE_547_1": 0.2, "23_PLT_547_1": 0.3333333333333333, "24_*2806_547_1": 0.2, "25_PES_547_1": 0.0, "26_1.99\u20ac_547_1": 0.4, "27_*200G_547_1": 0.4, "28_CAROTTE_547_1": 0.0, "29_RAPE_547_1": 0.0, "30_BI_547_1": 0.0, "31_0.99\u20ac_547_1": 0.4, "32_QTE_547_1": 0.3333333333333333, "33_DESCRIPTION_547_1": 0.0, "34_MONTANT_547_1": 0.2857142857142857, "0_THANK_X51005361883_3": 0.0, "1_YOU._X51005361883_3": 0.75, "2_RETURNABLE,_X51005361883_3": 0.09090909090909091, "3_SOLD_X51005361883_3": 0.0, "4_ARE_X51005361883_3": 0.0, "5_NOT_X51005361883_3": 0.0, "6_GOODS_X51005361883_3": 0.0, "0_Rp._receipt_00690_1": 1.0, "1_Change_receipt_00690_1": 0.0, "2_43.000_receipt_00690_1": 0.16666666666666666, "3_Rp._receipt_00690_1": 0.6666666666666666, "4_100.000_receipt_00690_1": 0.0, "5_Cash_receipt_00690_1": 0.25, "6_Rp._receipt_00690_1": 0.0, "7_57.000_receipt_00690_1": 0.0, "8_Total_receipt_00690_1": 0.0, "9_Rp._receipt_00690_1": 0.6666666666666666, "10_Subtotal_receipt_00690_1": 0.0, "11_57.000_receipt_00690_1": 0.0, "12_Rp._receipt_00690_1": 0.6666666666666666, "13_18.000_receipt_00690_1": 0.0, "14_Milo_receipt_00690_1": 0.25, "15_Dino_receipt_00690_1": 0.5, "16_x1_receipt_00690_1": 1.0, "17_Rp._receipt_00690_1": 0.6666666666666666, "18_C.Finishing -_receipt_00690_1": 0.15384615384615385, "19_Cut_receipt_00690_1": 0.6666666666666666, "20_0_receipt_00690_1": 0.0, "21_B.Spicy_receipt_00690_1": 0.7142857142857143, "22_Rp._receipt_00690_1": 0.6666666666666666, "23_Level_receipt_00690_1": 0.0, "24_- Hottie_receipt_00690_1": 1.0, "25_0_receipt_00690_1": 0.0, "26_Rp._receipt_00690_1": 0.6666666666666666, "27_A.Flavour -_receipt_00690_1": 0.2727272727272727, "28_BBQ_receipt_00690_1": 1.0, "29_0_receipt_00690_1": 1.0, "30_Rp._receipt_00690_1": 1.0, "31_Squid_receipt_00690_1": 0.4, "32_Giant_receipt_00690_1": 0.0, "33_x1_receipt_00690_1": 1.0, "34_39.000_receipt_00690_1": 0.0, "0_operation_466_5": 0.0, "1_vignette(s)_466_5": 0.0, "2_par_466_5": 0.0, "3_cumule_466_5": 0.0, "4_1117_466_5": 0.75, "5_vous_466_5": 0.0, "6_avez_466_5": 0.0, "7_Bravo_466_5": 0.2, "0_12H45_794_6": 0.2, "1_DE_794_6": 0.5, "2_9H15_794_6": 0.25, "3_A_794_6": 0.0, "4_DIMANCHE_794_6": 0.0, "5_TOUS_794_6": 0.75, "6_LES_794_6": 0.6666666666666666, "7_INTERMARCHE_794_6": 0.0, "8_OUVERTURE_794_6": 0.0, "9_DE_794_6": 0.0, "10_VOTRE_794_6": 0.0, "0_BIENTOT_305_2": 0.0, "0_A_417_2": 0.0, "1_BIENTOT_417_2": 0.0, "0_DESCRIPTION_231_0": 0.0, "1_QTE_231_0": 0.3333333333333333, "2_NONTANT_231_0": 0.0, "3_Gargot_231_0": 0.0, "4_Aytre._231_0": 0.3333333333333333, "5_Rue_231_0": 0.0, "6_Nicolas_231_0": 0.0, "7_17440_231_0": 0.0, "8_Dimanche_231_0": 0.0, "9_9h_231_0": 0.5, "10_a_231_0": 0.0, "11_12h30_231_0": 0.0, "12_au_231_0": 0.0, "13_de_231_0": 0.0, "14_9h_231_0": 0.5, "15_a_231_0": 0.0, "16_20h00_231_0": 0.0, "17_Lundi_231_0": 0.0, "18_Samedi_231_0": 0.0, "19_Tel_231_0": 0.3333333333333333, "20_0546457320_231_0": 0.0, "21_Carrefour_231_0": 0.0, "22_market_231_0": 0.0, "23_AYTRE_231_0": 0.0, "0_5,000_receipt_00183_1": 1.0, "1_Change:_receipt_00183_1": 0.5714285714285714, "2_20,000_receipt_00183_1": 1.0, "3_cash:_receipt_00183_1": 0.4, "4_1,364_receipt_00183_1": 0.8, "5_PB1:_receipt_00183_1": 0.75, "6_13,636_receipt_00183_1": 0.5, "7_SubTotal:_receipt_00183_1": 0.4444444444444444, "8_13,636_receipt_00183_1": 0.6666666666666666, "9_Cheese_receipt_00183_1": 0.16666666666666666, "10_&_receipt_00183_1": 1.0, "11_Peanut_receipt_00183_1": 0.16666666666666666, "12_1_receipt_00183_1": 1.0, "0_ustomer_receipt_00530_1": 0.14285714285714285, "1_Cash:_receipt_00530_1": 0.2, "2_Paid_receipt_00530_1": 0.0, "3_ustomer_receipt_00530_1": 0.14285714285714285, "4_100000.00_receipt_00530_1": 0.1111111111111111, "5_Rp 58000.00_receipt_00530_1": 0.36363636363636365, "6_Rp 58000.00_receipt_00530_1": 0.36363636363636365, "7_Carrier_receipt_00530_1": 0.0, "8_PS_receipt_00530_1": 0.5, "9_Rp 58000.00_receipt_00530_1": 0.2727272727272727, "10_Cheese_receipt_00530_1": 0.0, "11_Tart_receipt_00530_1": 0.0, "12_Pcs_receipt_00530_1": 0.6666666666666666, "13_*2_receipt_00530_1": 0.5, "0_Vignette(s)_217_3": 0.0, "1_par_217_3": 0.0, "2_operation_217_3": 0.0, "3_Bravo_217_3": 0.2, "4_vous_217_3": 0.0, "5_avez_217_3": 0.0, "6_cumule_217_3": 0.0, "7_1.0_217_3": 0.0, "8_BIENTOT_217_3": 0.0, "9_visite_217_3": 0.0, "10_Vous_217_3": 0.0, "11_remercie_217_3": 0.0, "12_de_217_3": 0.0, "13_votre_217_3": 0.0, "0_Designation_646_0": 0.0, "1_Article_646_0": 0.0, "2_Mt_646_0": 0.0, "3_EUR_646_0": 0.0, "4_Caisse_646_0": 0.0, "5_02_646_0": 0.0, "6_Ticket_646_0": 0.0, "7_29284_646_0": 0.0, "8_Vendeur_646_0": 0.0, "9_fo_646_0": 0.5, "10_Client_646_0": 0.0, "11_C00072_646_0": 0.16666666666666666, "12_Date_646_0": 0.0, "13_07-06-2017_646_0": 0.0, "14_Heure_646_0": 0.0, "15_17:47_646_0": 0.0, "16_Fax:_646_0": 0.0, "17_Tel:_646_0": 0.0, "18_JEAN_646_0": 0.0, "19_17400_646_0": 0.0, "20_SAINT_646_0": 0.0, "21_D'ANGELY_646_0": 0.0, "22_2,_646_0": 1.0, "23_Rue_646_0": 0.0, "24_Rene_646_0": 0.0, "25_CASSIN_646_0": 0.0, "26_GAMM_646_0": 0.0, "27_VERT_646_0": 0.0, "28_ST_646_0": 0.0, "29_JEAN_646_0": 0.0, "30_D'ANGELY_646_0": 0.125, "0_37,727_receipt_00370_0": 0.3333333333333333, "1_Sub_receipt_00370_0": 0.3333333333333333, "2_Total_receipt_00370_0": 0.2, "3_Sundae_receipt_00370_0": 0.3333333333333333, "4_1_receipt_00370_0": 2.0, "5_8,182_receipt_00370_0": 0.0, "6_1_receipt_00370_0": 1.0, "7_CKM_receipt_00370_0": 1.0, "8_1_receipt_00370_0": 2.0, "9_OR_receipt_00370_0": 1.0, "10_29,545_receipt_00370_0": 0.3333333333333333, "0_CARREFOUR_589_2": 0.0, "1_CITY_589_2": 0.0, "2_VOUS_589_2": 1.0, "3_REMERCIE_589_2": 0.125, "4_0006_589_2": 0.25, "5_001_589_2": 0.0, "6_27/05/2017_589_2": 0.1, "7_000423_589_2": 1.0, "8_21:27:16_589_2": 0.125, "9_CARTE_589_2": 0.0, "10_BANCAIRE_589_2": 0.0, "11_EMV_589_2": 0.3333333333333333, "12_EUR_589_2": 0.0, "13_21.82\u20ac_589_2": 0.3333333333333333, "0_Change:_receipt_00014_1": 0.42857142857142855, "1_25.000_receipt_00014_1": 0.3333333333333333, "2_50.000_receipt_00014_1": 0.16666666666666666, "3_Tendered:_receipt_00014_1": 0.3333333333333333, "4_Cash_receipt_00014_1": 0.25, "5_25.000_receipt_00014_1": 0.0, "6_Total._receipt_00014_1": 0.0, "7_2_receipt_00014_1": 1.0, "8_Total_receipt_00014_1": 0.2, "9_Item:_receipt_00014_1": 0.6, "10_0_receipt_00014_1": 2.0, "11_0_receipt_00014_1": 1.0, "12_x1_receipt_00014_1": 1.5, "13_Bag_receipt_00014_1": 0.3333333333333333, "14_6001-Plastic_receipt_00014_1": 0.5, "15_Small_receipt_00014_1": 0.2, "16_25.000_receipt_00014_1": 0.16666666666666666, "17_x1_receipt_00014_1": 0.5, "18_25.000_receipt_00014_1": 0.16666666666666666, "19_4005-Maple_receipt_00014_1": 0.3, "20_glazed_receipt_00014_1": 0.16666666666666666, "0_A_542_2": 0.0, "1_BIENTOT_542_2": 0.0, "2_MERCI_542_2": 0.0, "3_DE_542_2": 0.0, "4_VOTRE_542_2": 0.0, "5_VISITE_542_2": 0.0, "6_0001_542_2": 0.0, "7_005_542_2": 0.0, "8_000121_542_2": 0.0, "9_27/12/2016_542_2": 0.1, "10_13:04:37_542_2": 0.0, "0_Ice_receipt_00746_0": 0.3333333333333333, "1_grentea_receipt_00746_0": 0.0, "2_t_receipt_00746_0": 2.0, "3_1x_receipt_00746_0": 0.5, "4_22.000_receipt_00746_0": 0.16666666666666666, "5_22.000_receipt_00746_0": 0.0, "0_ _receipt_00797_0": 2.0, "0_0111_575_1": 1.0, "1_005_575_1": 0.3333333333333333, "2_15/01/2017_575_1": 0.0, "3_000030_575_1": 0.0, "4_10:01:57_575_1": 0.0, "5_CARTE_575_1": 0.0, "6_BANCAIRE_575_1": 0.125, "7_EMV_575_1": 0.0, "8_EUR_575_1": 0.0, "9_14.62\u20ac_575_1": 0.3333333333333333, "10_HONTANT_575_1": 0.14285714285714285, "11_2_575_1": 0.0, "12_ARTICLE(S)_575_1": 0.0, "13_PAYER_575_1": 0.0, "14_A_575_1": 1.0, "15_14.62\u20ac_575_1": 0.3333333333333333, "16_TOTAL_575_1": 0.2, "17_BEAUTE_575_1": 0.0, "18_/_575_1": 1.0, "19_/_575_1": 1.0, "20_SANTE_575_1": 0.0, "21_HYGIENE_575_1": 0.42857142857142855, "22_13.54\u20ac_575_1": 0.3333333333333333, "23_13.54\u20ac_575_1": 0.3333333333333333, "24_48_575_1": 0.5, "25_TABLETTE_575_1": 0.125, "26_CALGON_575_1": 0.0, "27_TOTAL_575_1": 0.0, "28_ALINENTAIRE_575_1": 0.2727272727272727, "29_1.08\u20ac_575_1": 0.4, "30_*EAU_575_1": 0.25, "31_CRISTALINE_575_1": 0.0, "32_1.08\u20ac_575_1": 0.4, "33_X6_575_1": 0.5, "0_26,000_receipt_00364_1": 0.16666666666666666, "1_Payment_receipt_00364_1": 0.0, "2_Cash_receipt_00364_1": 0.25, "3_100,000_receipt_00364_1": 0.0, "4_Payment_receipt_00364_1": 0.14285714285714285, "5_Voucher_receipt_00364_1": 0.0, "6_BD9P1568_receipt_00364_1": 0.0, "7_BD8X9374_receipt_00364_1": 0.125, "8_126,000_receipt_00364_1": 0.0, "9_Total_receipt_00364_1": 0.0, "10_0_receipt_00364_1": 2.0, "11_Rounding_receipt_00364_1": 0.125, "12_11,455_receipt_00364_1": 0.0, "13_(10%)_receipt_00364_1": 0.0, "14_PB1_receipt_00364_1": 0.0, "15_114,545_receipt_00364_1": 0.0, "16_Sub_receipt_00364_1": 0.0, "17_Total_receipt_00364_1": 0.2, "18_0_receipt_00364_1": 1.0, "19_GENMATCHA_receipt_00364_1": 0.0, "20_1_receipt_00364_1": 2.0, "21_GENMATCHA_receipt_00364_1": 0.0, "22_0_receipt_00364_1": 1.0, "23_1_receipt_00364_1": 1.0, "24_MOCHI_receipt_00364_1": 0.0, "25_MIX_receipt_00364_1": 0.0, "26_0_receipt_00364_1": 1.0, "27_1_receipt_00364_1": 1.0, "28_LYCHEE_receipt_00364_1": 0.0, "29_0_receipt_00364_1": 1.0, "30_1_receipt_00364_1": 1.0, "0_0.24_616_1": 0.5, "1_13_616_1": 0.0, "2_Taux_616_1": 0.0, "3_Normal_616_1": 0.5, "4_20%_616_1": 0.0, "5_\u20ac_616_1": 1.0, "6_=_616_1": 0.0, "7_11_616_1": 1.0, "8_\u20ac_616_1": 1.0, "9_Reduit_616_1": 0.0, "10_5.5%_616_1": 0.5, "11_0.92_616_1": 0.0, "12_Taux_616_1": 0.25, "13_=_616_1": 0.0, "14_31,01_616_1": 0.8, "15_Rendu_616_1": 0.0, "16_ESPECES_616_1": 0.0, "17_\u20ac_616_1": 0.0, "18_50,10_616_1": 0.2, "19_ESPECES_616_1": 0.0, "20_\u20ac_616_1": 0.0, "21_19,09_616_1": 0.2, "22_Article(s)_616_1": 0.1, "23_\u20ac_616_1": 0.0, "24_TOTAL_616_1": 0.2, "25_NOISETTES.ENT.U_616_1": 0.06666666666666667, "26_1,45_616_1": 0.25, "27_200G_616_1": 0.25, "28_CHOC.LAIT_616_1": 0.2222222222222222, "29_\u20ac_616_1": 0.0, "30_EPICERIE_616_1": 0.0, "31_>>>>>_616_1": 0.6, "32_3,30_616_1": 0.5, "33_1.65_616_1": 0.25, "34_\u20ac_616_1": 1.0, "35_2_616_1": 0.0, "36_\u20ac_616_1": 0.0, "37_FERM.PQ_616_1": 0.0, "38_GD_616_1": 1.0, "39_250G_616_1": 0.25, "40_BEUR.DX_616_1": 0.0, "41_82%A0P_616_1": 0.3333333333333333, "42_1,75_616_1": 0.25, "43_MAURE_616_1": 0.2, "44_SOIGNON_616_1": 0.14285714285714285, "45_BUCH.23%200G_616_1": 0.25, "46_\u20ac_616_1": 0.0, "47_STE_616_1": 0.0, "48_2,55_616_1": 0.25, "49_BEURRE_616_1": 0.0, "50_MOULE_616_1": 0.2, "51_DS_616_1": 1.0, "52_808MG_616_1": 1.0, "53_U_616_1": 1.0, "54_500G_616_1": 0.25, "55_\u20ac_616_1": 1.0, "56_3,69_616_1": 0.25, "57_PETIT_616_1": 0.0, "58_RISSO_616_1": 0.0, "59_2806_616_1": 0.25, "60_\u20ac_616_1": 0.0, "61_CREMERIE_616_1": 0.0, "62_L.S._616_1": 1.0, "63_>>_616_1": 1.0, "64_2_616_1": 1.0, "65_2,40_616_1": 0.25, "66_\u20ac_616_1": 0.0, "67_1,20_616_1": 0.25, "68_x_616_1": 0.0, "69_\u20ac_616_1": 0.0, "70_SELECT_616_1": 0.0, "71_BATARD_616_1": 0.0, "72_CEREALES_616_1": 0.0, "73_PAIN_616_1": 0.25, "0_:_X00016469670_0": 1.0, "1_NG_X00016469670_0": 0.0, "2_Cashier_X00016469670_0": 0.0, "3_CHUAN_X00016469670_0": 0.0, "4_MIN_X00016469670_0": 0.0, "5_15/01/2019_X00016469670_0": 0.1, "6_AM_X00016469670_0": 0.0, "7_:_X00016469670_0": 0.0, "8_11:05:16_X00016469670_0": 0.0, "9_Date_X00016469670_0": 0.0, "10_Invoice_X00016469670_0": 0.0, "11_No_X00016469670_0": 0.0, "12_:_X00016469670_0": 0.0, "13_PEGIV-1030765_X00016469670_0": 0.0, "14_TAX_X00016469670_0": 0.0, "15_INVOICE_X00016469670_0": 0.0, "16_Email:_X00016469670_0": 0.0, "17_Tel:07-388_X00016469670_0": 0.0, "18_2218_X00016469670_0": 0.0, "19_Fax:07-388_X00016469670_0": 0.0, "20_8218_X00016469670_0": 0.25, "21_MASAI,_X00016469670_0": 0.16666666666666666, "22_81750_X00016469670_0": 0.0, "23_JOHOR_X00016469670_0": 0.0, "24_ALAM,_X00016469670_0": 0.0, "25_BANDAR_X00016469670_0": 0.0, "26_SERI_X00016469670_0": 0.25, "27_4,_X00016469670_0": 0.0, "28_4,_X00016469670_0": 0.0, "29_NO 2_X00016469670_0": 0.0, "30_&_X00016469670_0": 0.0, "31_JALAN_X00016469670_0": 0.0, "32_BAYU_X00016469670_0": 0.0, "33_ROC_X00016469670_0": 0.0, "34_NO:_X00016469670_0": 0.0, "35_538358-H_X00016469670_0": 0.0, "36_OJC_X00016469670_0": 1.0, "37_MARKETING_X00016469670_0": 0.0, "38_SDN_X00016469670_0": 0.0, "39_BHD_X00016469670_0": 0.0, "40_COPY_X00016469670_0": 1.0, "41_***_X00016469670_0": 1.0, "42_***_X00016469670_0": 1.0, "43_yee_X00016469670_0": 0.0, "44_tan_X00016469670_0": 0.0, "0_A_300_1": 0.0, "1_BIENTOT_300_1": 0.0, "2_MERCI_300_1": 0.0, "3_DE_300_1": 0.0, "4_VOTRE_300_1": 0.0, "5_VISITE_300_1": 0.0, "6_000070_300_1": 0.0, "7_28/06/2017_300_1": 0.0, "8_0004_300_1": 0.0, "9_004_300_1": 0.0, "10_11:54:11_300_1": 0.0, "11_9.97\u20ac_300_1": 0.4, "12_CB_300_1": 0.0, "13_EMV_300_1": 0.3333333333333333, "14_SANS_300_1": 0.0, "15_CONTACT_300_1": 0.0, "16_EUR_300_1": 0.0, "17_(S)_300_1": 1.0, "18_ARTICLE_300_1": 0.0, "19_TOTAL_300_1": 0.0, "20_A_300_1": 0.0, "21_PAYER_300_1": 0.0, "22_9.97\u20ac_300_1": 0.4, "23_*SDW_300_1": 0.5, "24_DAUNAT_300_1": 0.0, "25_SAUMON_300_1": 0.3333333333333333, "26_2.58\u20ac_300_1": 0.4, "27_SENSE_300_1": 0.0, "28_4.62\u20ac_300_1": 0.4, "29_*250G_300_1": 0.2, "30_X36_300_1": 0.0, "31_DOS_300_1": 1.0, "32_CARREE_300_1": 0.0, "33_CARAHEL_300_1": 0.14285714285714285, "34_BTE_300_1": 0.3333333333333333, "35_2.77\u20ac_300_1": 0.4, "0_vignette(s)_472_5": 0.0, "1_par_472_5": 0.0, "2_operation_472_5": 0.0, "3_Bravo_472_5": 0.2, "4_vous_472_5": 0.0, "5_avez_472_5": 0.0, "6_cumule_472_5": 0.0, "7_11_472_5": 1.0, "8_echanges_472_5": 0.0, "9_repris_472_5": 0.0, "10_ni_472_5": 0.0, "11_ni_472_5": 0.0, "12_A_472_5": 1.0, "13_BIENTOT_472_5": 0.0, "0_speciale_672_1": 0.0, "1_Offre_672_1": 0.0, "2_au_672_1": 0.5, "3_das_672_1": 0.6666666666666666, "4_de_672_1": 0.0, "5_ce_672_1": 0.5, "6_ticket_672_1": 0.0, "7_A_672_1": 0.0, "8_bientot_672_1": 0.0, "9_Burger_672_1": 0.0, "10_chez_672_1": 0.0, "11_King_672_1": 0.0, "12_Herci_672_1": 0.0, "13_de_672_1": 0.5, "14_votre_672_1": 0.0, "15_visite_672_1": 0.0, "16_>>>_672_1": 0.0, "17_COMMANDE_672_1": 0.0, "18_BORNE_672_1": 0.0, "19_<<<_672_1": 0.0, "20_MONNAIE_672_1": 0.2857142857142857, "21_0.00_672_1": 0.0, "22_Credit_672_1": 0.0, "23_Kiosk_672_1": 0.0, "24_9.40_672_1": 0.0, "25_TOTAL_672_1": 0.2, "26_9.40_672_1": 0.0, "27_TTC_672_1": 1.0, "28_8.55_672_1": 0.0, "29_TVA_672_1": 0.6666666666666666, "30_10_672_1": 0.0, "31_0.85_672_1": 0.25, "32_9.40_672_1": 0.0, "33_%_672_1": 1.0, "34_HT_672_1": 0.0, "35_TVA_672_1": 1.0, "36_TTC_672_1": 0.6666666666666666, "0_Vignette(s)_216_3": 0.0, "1_oper_216_3": 0.0, "2_nar_216_3": 0.0, "0_Bravo_206_3": 0.0, "1_vous_206_3": 0.0, "2_avez_206_3": 0.25, "3_Carte_206_3": 0.0, "4_CARREFOUR_206_3": 0.0, "5_Cartes_206_3": 0.5, "6_82,74_206_3": 0.2, "7_\u20ac_206_3": 0.0, "8_Bancaires_206_3": 0.1111111111111111, "9_32_206_3": 0.0, "10_ARTICLES_206_3": 0.0, "11_82,74_206_3": 0.2, "12_TOTAL_206_3": 0.2, "13_A_206_3": 0.0, "14_PAYER_206_3": 0.2, "15_Alimentaire_206_3": 0.0, "16_7,70_206_3": 0.25, "17_Total_206_3": 0.0, "18_Non_206_3": 0.0, "19_FILM_206_3": 0.0, "20_7,70_206_3": 0.25, "21_35M_206_3": 0.6666666666666666, "22_Total_206_3": 0.0, "23_Alimentaire_206_3": 0.0, "24_75,04_206_3": 0.2, "25_BQ_206_3": 0.5, "26_4_206_3": 1.0, "27_500G_206_3": 0.25, "28_FRAISE_206_3": 0.0, "29_3,20_206_3": 0.25, "0_0_receipt_00283_1": 0.0, "1_CHANGE_receipt_00283_1": 0.0, "2_22,000_receipt_00283_1": 0.0, "3_CASH_receipt_00283_1": 0.0, "4_22,000_receipt_00283_1": 0.0, "5_TOTAL_receipt_00283_1": 0.0, "6_2_receipt_00283_1": 1.0, "0_DEBIT BCA:_receipt_00012_1": 0.1, "1_Total._receipt_00012_1": 0.0, "2_96,000_receipt_00012_1": 0.8333333333333334, "3_Rounding_receipt_00012_1": 0.0, "4_96,000_receipt_00012_1": 0.16666666666666666, "5_-3_receipt_00012_1": 1.0, "6_VAT_receipt_00012_1": 0.0, "7_10%_receipt_00012_1": 0.0, "8_8,728_receipt_00012_1": 0.2, "9_ITEMS :4_receipt_00012_1": 0.125, "10_87,275_receipt_00012_1": 0.16666666666666666, "11_1_receipt_00012_1": 1.0, "12_CH_receipt_00012_1": 0.5, "13_CORDON_receipt_00012_1": 0.16666666666666666, "14_BLEU_receipt_00012_1": 0.0, "15_NASI_receipt_00012_1": 0.25, "16_42,728_receipt_00012_1": 0.0, "17_1_receipt_00012_1": 1.0, "18_ES_receipt_00012_1": 0.0, "19_TEH_receipt_00012_1": 0.0, "20_MANIS_receipt_00012_1": 0.0, "21_7,273_receipt_00012_1": 0.2, "22_1_receipt_00012_1": 2.0, "23_TEH_receipt_00012_1": 0.0, "24_PANAS_receipt_00012_1": 0.0, "25_5,455_receipt_00012_1": 0.0, "26_1_receipt_00012_1": 2.0, "27_NASI_receipt_00012_1": 0.25, "28_KATSU_receipt_00012_1": 0.0, "29_+_receipt_00012_1": 1.0, "30_AYAM_receipt_00012_1": 0.0, "31_TER..._receipt_00012_1": 0.6666666666666666, "32_31,819_receipt_00012_1": 0.0, "0_190_X51005441408_1": 0.3333333333333333, "1_(Inclusive_X51005441408_1": 0.0, "2_GST):_X51005441408_1": 0.0, "3_of_X51005441408_1": 0.0, "4_00_X51005441408_1": 1.0, "5_Total_X51005441408_1": 0.0, "6_10.75_X51005441408_1": 0.0, "7_Payable:_X51005441408_1": 0.125, "8_GST_X51005441408_1": 0.0, "9_(Excluding_X51005441408_1": 0.0, "10_Total_X51005441408_1": 0.0, "11_GST):_X51005441408_1": 0.0, "12_95.00_X51005441408_1": 0.0, "13_190.00_X51005441408_1": 0.16666666666666666, "14_SR_X51005441408_1": 0.0, "15_2_X51005441408_1": 0.0, "16_x_X51005441408_1": 1.0, "17_(5_X51005441408_1": 0.0, "18_BTL)_X51005441408_1": 0.25, "19_HEINEKEN_X51005441408_1": 0.0, "20_Description_X51005441408_1": 0.0, "21_Qty_X51005441408_1": 0.3333333333333333, "22_U.price_X51005441408_1": 0.0, "23_Total_X51005441408_1": 0.0, "24_TAX_X51005441408_1": 0.0, "25_Cashier:_X51005441408_1": 0.0, "26_CHEN_X51005441408_1": 0.0, "27_10-03-2018_X51005441408_1": 0.2, "28_Date_X51005441408_1": 0.0, "29_23:03:06_X51005441408_1": 0.0, "30_Pax_X51005441408_1": 0.0, "31_(s):_X51005441408_1": 0.0, "32_0_X51005441408_1": 0.0, "33_No._X51005441408_1": 0.6666666666666666, "34_504233_X51005441408_1": 0.0, "35_INV_X51005441408_1": 0.0, "0_9,000_receipt_00367_1": 0.2, "1_BREAD_receipt_00367_1": 0.0, "2_REDBEAN_receipt_00367_1": 0.14285714285714285, "3_1_receipt_00367_1": 1.0, "4_16,000_receipt_00367_1": 0.16666666666666666, "5_ROLL_receipt_00367_1": 0.0, "6_CHOCOLATE_receipt_00367_1": 0.1111111111111111, "7_REAL_receipt_00367_1": 0.0, "8_1_receipt_00367_1": 1.0, "9_16,500_receipt_00367_1": 0.0, "10_GANACHE_receipt_00367_1": 0.0, "11_REAL_receipt_00367_1": 0.0, "12_1_receipt_00367_1": 2.0, "13_21,000_receipt_00367_1": 0.0, "14_BROWNIE_receipt_00367_1": 0.14285714285714285, "15_1_receipt_00367_1": 1.0, "16_18,000_receipt_00367_1": 0.0, "17_TWIST_receipt_00367_1": 0.4, "18_DONUT_receipt_00367_1": 0.0, "19_2_receipt_00367_1": 0.0, "0_A_193_1": 0.0, "1_BIENTOT_193_1": 0.0, "2_0004_193_1": 0.0, "3_003_193_1": 0.0, "4_000347_193_1": 0.0, "5_27/02/2017_193_1": 0.0, "6_18:13:27_193_1": 0.125, "7_CARTE_193_1": 0.0, "8_BANCAIRE_193_1": 0.0, "9_EMV_193_1": 0.0, "10_EUR_193_1": 0.0, "11_7.29\u20ac_193_1": 0.4, "12_(S)_193_1": 0.3333333333333333, "13_3_193_1": 0.0, "14_ARTICLE_193_1": 0.0, "15_TOTAL_193_1": 0.0, "16_PAYER_193_1": 0.0, "17_A_193_1": 0.0, "18_7.29\u20ac_193_1": 0.4, "19_0.6070_193_1": 0.0, "20_x_193_1": 1.0, "21_2.29\u20ac_193_1": 0.4, "22_*BIO_193_1": 0.25, "23_BANANE_193_1": 0.0, "24_1.39\u20ac_193_1": 0.4, "25_*BAGUETTE_193_1": 0.1111111111111111, "26_ROCHELAISE_193_1": 0.1, "27_1.15\u20ac_193_1": 0.4, "28_*AVOCAT_193_1": 0.7142857142857143, "29_MAP_193_1": 0.3333333333333333, "30_X2_193_1": 0.5, "31_4.75\u20ac_193_1": 0.4, "0_CHANGED_receipt_00237_1": 0.0, "1_0_receipt_00237_1": 3.0, "2_CASH_receipt_00237_1": 0.0, "3_22.000_receipt_00237_1": 0.0, "4_SUB-TOTAL_receipt_00237_1": 0.0, "5_22.000_receipt_00237_1": 0.0, "6_1_receipt_00237_1": 1.0, "7_@22.000_receipt_00237_1": 0.14285714285714285, "8_22.000_receipt_00237_1": 0.0, "9_LESS_receipt_00237_1": 0.0, "10_ICE_receipt_00237_1": 0.0, "11_THAI_receipt_00237_1": 0.5, "12_ICED_receipt_00237_1": 0.0, "13_TEA_receipt_00237_1": 0.0, "0_A_111_1": 0.0, "1_BIENTOT_111_1": 0.0, "2_MERCI_111_1": 0.0, "3_DE_111_1": 0.0, "4_VOTRE_111_1": 0.0, "5_VISITE_111_1": 0.0, "6_0006_111_1": 0.25, "7_000473_111_1": 0.0, "8_20/10/2016_111_1": 0.2, "9_004_111_1": 0.0, "10_19:23:13_111_1": 0.0, "11_CARTE_111_1": 0.0, "12_BANCAIRE_111_1": 0.0, "13_EMV_111_1": 0.0, "14_EUR_111_1": 0.0, "15_9.61\u20ac_111_1": 0.4, "16_3_111_1": 0.0, "17_ARTICLE_111_1": 0.0, "18_(S)_111_1": 1.0, "19_A_111_1": 1.0, "20_PAYER_111_1": 0.0, "21_TOTAL_111_1": 0.8, "22_9.61\u20ac_111_1": 0.4, "23_PIZZA_111_1": 0.8, "24_4SAISONS_111_1": 0.25, "25_CRF_111_1": 0.0, "26_2.72\u20ac_111_1": 0.4, "27_PIZZ.CHEV.CRF_111_1": 0.23076923076923078, "28_440G_111_1": 0.25, "29_2.98\u20ac_111_1": 0.4, "30_3.91\u20ac_111_1": 0.4, "31_50ML_111_1": 0.5, "32_DEO_111_1": 0.3333333333333333, "33_BIL.NAT.P_111_1": 0.0, "0_DESCRIPTION_164_0": 0.18181818181818182, "1_QTE_164_0": 1.3333333333333333, "2_MONTANT_164_0": 0.0, "3_Tel_164_0": 0.0, "4_:_164_0": 1.0, "5_17000_164_0": 0.0, "6_OCHELLE_164_0": 0.2857142857142857, "7_LA_164_0": 0.0, "8_33_164_0": 0.0, "9_RUE_164_0": 0.0, "10_DE_164_0": 0.0, "11_SCIERIE_164_0": 0.0, "12_CRF-CITY_164_0": 0.0, "13_LA_164_0": 0.5, "14_ROCHELLE_164_0": 0.0, "0_54.50_X51005337872_2": 0.0, "1_(Inclusive_X51005337872_2": 0.0, "2_GST)_X51005337872_2": 0.0, "3_of_X51005337872_2": 0.0, "4_Total_X51005337872_2": 0.0, "5_Sales_X51005337872_2": 0.0, "6_Rounding:_X51005337872_2": 0.1111111111111111, "7_0.00_X51005337872_2": 0.25, "8_:_X51005337872_2": 1.0, "9_GST_X51005337872_2": 0.0, "10_3.08_X51005337872_2": 0.25, "11_Total_X51005337872_2": 0.0, "12_0.00_X51005337872_2": 0.0, "13_Discount_X51005337872_2": 0.0, "14_GST):_X51005337872_2": 0.2, "15_(Excluding_X51005337872_2": 0.0, "16_51.42_X51005337872_2": 0.2, "17_Total_X51005337872_2": 0.0, "18_Sales_X51005337872_2": 0.0, "0_CHANGED_receipt_00428_1": 0.14285714285714285, "1_20.000_receipt_00428_1": 0.0, "2_CASH_receipt_00428_1": 0.25, "3_50.000_receipt_00428_1": 0.16666666666666666, "4_TOTAL_receipt_00428_1": 0.0, "5_1_receipt_00428_1": 0.0, "6_Combo_receipt_00428_1": 0.2, "7_1_receipt_00428_1": 1.0, "8_30,000_receipt_00428_1": 0.3333333333333333, "0_21_252_2": 1.0, "1_ARTICLE_252_2": 0.0, "2_(S)_252_2": 1.0, "3_TOTAL_252_2": 0.0, "4_AVANT_252_2": 0.2, "5_REMISES_252_2": 0.14285714285714285, "6_43.80\u20ac_252_2": 0.5, "7_TOTAL_252_2": 0.0, "8_NON_252_2": 0.3333333333333333, "9_ALINENTAIRE_252_2": 0.0, "10_1.33\u20ac_252_2": 0.4, "11_REMISE_252_2": 0.16666666666666666, "12_&_252_2": 1.0, "13_50.00_252_2": 0.0, "14_-1.33\u20ac_252_2": 0.3333333333333333, "15_BGIE_252_2": 0.25, "16_CYL_252_2": 1.0, "17_68H150_252_2": 0.16666666666666666, "18_RG_252_2": 0.5, "19_2.66\u20ac_252_2": 0.4, "20_TOTAL_252_2": 0.0, "21_BEAUTE_252_2": 0.0, "22_/_252_2": 1.0, "23_/_252_2": 1.0, "24_SANTE_252_2": 0.0, "25_HYGIENE_252_2": 0.0, "26_1.15\u20ac_252_2": 0.4, "27_SP_252_2": 0.0, "28_TRAD_252_2": 0.0, "29_50LX20_252_2": 0.16666666666666666, "30_1.15\u20ac_252_2": 0.4, "31_ALIMENTAIRE_252_2": 0.18181818181818182, "32_TOTAL_252_2": 0.0, "33_40.15\u20ac_252_2": 0.3333333333333333, "34_0.99\u20ac_252_2": 1.0, "35_*TOMATE_252_2": 0.2857142857142857, "36_CERISE_252_2": 0.0, "37_IMP_252_2": 1.0, "38_*PIZZA_252_2": 0.6666666666666666, "39_4SAISONS_252_2": 0.25, "40_CRF_252_2": 0.0, "41_2.43\u20ac_252_2": 0.4, "42_*ORANGE_252_2": 0.0, "43_DESS.GROS_252_2": 0.0, "44_2.66\u20ac_252_2": 0.4, "45_4.95\u20ac_252_2": 0.4, "46_MIEL_252_2": 0.0, "47_MONTAGNE_252_2": 0.125, "48_CRF_252_2": 0.0, "0_MERCI_801_1": 0.0, "1_A_801_1": 0.0, "2_BIENTOT_801_1": 0.0, "3_1_801_1": 1.0, "4_Article(+)_801_1": 0.0, "5_1_801_1": 1.0, "6_TOTAL:_801_1": 0.0, "7_0,070_801_1": 0.2, "8_6,50_801_1": 0.25, "9_0,46_801_1": 0.75, "10_Divers_801_1": 0.0, "0_DESCRIPTION_34_0": 0.0, "1_QTE_34_0": 1.6666666666666667, "2_MONTANT_34_0": 0.14285714285714285, "3_Tel_34_0": 0.0, "4_17000_34_0": 0.0, "5_LA_34_0": 0.0, "6_ROCHELLE_34_0": 0.0, "7_33_34_0": 1.0, "8_RUE_34_0": 0.0, "9_DE_34_0": 0.0, "10_LA_34_0": 0.0, "11_SCIERIE_34_0": 0.0, "12_CRF-CITY_34_0": 0.0, "13_LA_34_0": 0.0, "14_ROCHELLE_34_0": 0.0, "0_CASH_receipt_00786_1": 0.0, "1_35,000_receipt_00786_1": 0.0, "2_2_receipt_00786_1": 0.0, "3_ROYAL_receipt_00786_1": 0.0, "4_CHEESE_receipt_00786_1": 0.0, "5_32,000_receipt_00786_1": 0.0, "6_TART_receipt_00786_1": 0.0, "0_DESCRIPTION_424_0": 0.09090909090909091, "1_QTE_424_0": 0.0, "2_MONTANT_424_0": 0.2857142857142857, "3_:_424_0": 1.0, "4_Tel_424_0": 0.0, "5_17000_424_0": 0.0, "6_LA_424_0": 1.0, "7_ROCHELLE_424_0": 0.0, "8_33_424_0": 0.0, "9_RUE_424_0": 0.0, "10_DE_424_0": 0.0, "11_LA_424_0": 0.5, "12_SCIERIE_424_0": 0.0, "13_CRF-CITY_424_0": 0.0, "14_LA_424_0": 1.0, "15_ROCHELLE_424_0": 0.0, "0_Hugarian_receipt_00552_0": 0.375, "1_Original_receipt_00552_0": 0.25, "2_Ku_receipt_00552_0": 0.5, "3_20,000_receipt_00552_0": 0.8333333333333334, "4_20,000_receipt_00552_0": 0.16666666666666666, "5_1x_receipt_00552_0": 0.5, "6_25001_receipt_00552_0": 0.2, "7_Hugarian_receipt_00552_0": 0.0, "8_Original_receipt_00552_0": 0.625, "9_Ku_receipt_00552_0": 0.0, "0_TOTAL_receipt_00011_1": 0.2, "1_Pajak_receipt_00011_1": 0.6, "2_Restoran_receipt_00011_1": 0.0, "3_22.737_receipt_00011_1": 1.0, "4_Service_receipt_00011_1": 0.2857142857142857, "5_12.870_receipt_00011_1": 1.0, "6_SUBTOTAL_receipt_00011_1": 0.375, "7_214.500_receipt_00011_1": 1.0, "0_ _receipt_00085_0": 2.0, "0_CHANGE_receipt_00256_1": 0.6666666666666666, "1_23,500.00_receipt_00256_1": 0.1111111111111111, "2_CASH_receipt_00256_1": 0.75, "3_AMOUNT_receipt_00256_1": 0.16666666666666666, "4_226,500.00_receipt_00256_1": 0.0, "5_DUE_receipt_00256_1": 1.0, "6_SUB-TOTAL_receipt_00256_1": 0.2222222222222222, "7_226,500.00_receipt_00256_1": 0.2, "8_1_receipt_00256_1": 2.0, "9_TAKE_receipt_00256_1": 0.25, "10_AWAY_receipt_00256_1": 0.75, "11_CHARGE_receipt_00256_1": 0.16666666666666666, "12_AMBUSH_receipt_00256_1": 0.3333333333333333, "13_44,000.00_receipt_00256_1": 0.3333333333333333, "14_4_receipt_00256_1": 1.0, "15_CHS_receipt_00256_1": 1.0, "16_BURGER_receipt_00256_1": 0.16666666666666666, "0_A_809_2": 0.0, "1_BIENTOT_809_2": 0.0, "2_HERCI_809_2": 0.2, "3_DE_809_2": 0.0, "4_VOTRE_809_2": 0.0, "5_VISITE_809_2": 0.0, "6_13/07/17_809_2": 0.25, "7_101_809_2": 0.3333333333333333, "8_254035_809_2": 0.16666666666666666, "9_18:51_809_2": 0.0, "10_VLM_809_2": 0.6666666666666666, "11_Operateur_809_2": 0.0, "12_Date_809_2": 0.0, "13_Heure_809_2": 0.0, "14_TPU_809_2": 0.3333333333333333, "15_Ticket_809_2": 0.0, "16_TICKET_809_2": 0.0, "17_A_809_2": 1.0, "18_CONSERVER_809_2": 0.1111111111111111, "19_Voir_809_2": 0.5, "20_fidelite._809_2": 0.0, "21_de_809_2": 0.0, "22_conditions_809_2": 0.0, "23_a_809_2": 1.0, "24_l'accueil._809_2": 0.2, "25_magasins_809_2": 0.25, "26_dans_809_2": 0.0, "27_tous_809_2": 0.0, "28_les_809_2": 0.3333333333333333, "29_participant_809_2": 0.0, "30_programme_809_2": 0.3333333333333333, "31_U_809_2": 1.0, "32_au_809_2": 0.0, "33_le_809_2": 0.5, "34_presentation_809_2": 0.0, "35_lendenain,_809_2": 0.3, "36_sur_809_2": 0.0, "37_U,_809_2": 1.0, "38_de_809_2": 0.0, "39_votre_809_2": 0.4, "40_Carte_809_2": 0.0, "41_Les_809_2": 0.0, "42_Carte_809_2": 0.0, "43_obtenus_809_2": 0.0, "44_ce_809_2": 0.0, "45_jour,_809_2": 0.4, "46_e_809_2": 1.0, "47_U_809_2": 1.0, "48_seront_809_2": 0.0, "49_a_809_2": 1.0, "50_valoir_809_2": 0.0, "51_des_809_2": 0.0, "52_VOTRE_809_2": 0.0, "53_NOUVEAU_809_2": 0.0, "54_SOLDE_809_2": 0.0, "55_CARTE_809_2": 0.0, "56_80,66_809_2": 0.4, "57_\u20ac_809_2": 0.0, "58_U_809_2": 1.0, "59_\u20ac_809_2": 0.0, "60_VOS \u20ac_809_2": 0.6, "61_CARTE_809_2": 0.0, "62_U_809_2": 1.0, "63_OBTENUS_809_2": 0.0, "64_0,10_809_2": 0.25, "65_\u20ac_809_2": 0.0, "0_1_receipt_00767_0": 2.0, "1_TP_receipt_00767_0": 1.0, "2_KULIT_receipt_00767_0": 0.8, "3_12,273_receipt_00767_0": 0.16666666666666666, "4_MEMBARA_receipt_00767_0": 0.0, "5_TAHU_receipt_00767_0": 0.25, "6_1_receipt_00767_0": 1.0, "7_DOMBA_receipt_00767_0": 0.0, "8_13,636_receipt_00767_0": 0.0, "9_SAMBAL_receipt_00767_0": 0.0, "10_MATAH_receipt_00767_0": 0.0, "11_N_receipt_00767_0": 0.0, "12_AYM_receipt_00767_0": 0.0, "13_1_receipt_00767_0": 2.0, "14_PENYET_receipt_00767_0": 0.0, "15_25,455_receipt_00767_0": 0.0, "16_1_receipt_00767_0": 0.0, "17_TEH_receipt_00767_0": 0.6666666666666666, "18_TAWAR_receipt_00767_0": 0.0, "19_5,455_receipt_00767_0": 0.0, "20_1_receipt_00767_0": 0.0, "21_JUICE_receipt_00767_0": 1.0, "22_JAMBU_receipt_00767_0": 0.0, "23_16,364_receipt_00767_0": 0.0, "0_ _receipt_00333_0": 4.0, "0_BIENTOT_277_2": 0.0, "0_92,000_receipt_00355_1": 0.16666666666666666, "1_Total_receipt_00355_1": 0.4, "2_92,000_receipt_00355_1": 0.0, "3_Coffee_receipt_00355_1": 0.3333333333333333, "4_Rock salt and_receipt_00355_1": 0.15384615384615385, "5_28,000_receipt_00355_1": 0.3333333333333333, "6_[R]_receipt_00355_1": 0.6666666666666666, "7_Cheese_receipt_00355_1": 0.16666666666666666, "8_Red Bean_receipt_00355_1": 0.125, "9_4,000_receipt_00355_1": 0.0, "10_Cream_receipt_00355_1": 0.2, "11_[R]_receipt_00355_1": 1.0, "12_Avocado_receipt_00355_1": 0.14285714285714285, "13_with_receipt_00355_1": 0.0, "14_Rock_receipt_00355_1": 0.25, "15_Salt and_receipt_00355_1": 0.375, "16_Cocoa_receipt_00355_1": 0.2, "17_28,000_receipt_00355_1": 0.3333333333333333, "18_Big_receipt_00355_1": 0.3333333333333333, "19_Pearls_receipt_00355_1": 0.16666666666666666, "20_Cream_receipt_00355_1": 0.0, "21_[R]_receipt_00355_1": 0.6666666666666666, "22_4,000_receipt_00355_1": 0.4, "23_Avocado_receipt_00355_1": 0.14285714285714285, "24_with_receipt_00355_1": 0.25, "25_Rock_receipt_00355_1": 0.0, "26_Salt and_receipt_00355_1": 0.0, "27_Cocoa_receipt_00355_1": 0.0, "28_28,000_receipt_00355_1": 0.5, "0_client_597_2": 0.0, "1_*_597_2": 1.0, "2_du_597_2": 0.0, "3_vendus_597_2": 0.0, "4_1_597_2": 0.0, "5_numerique_597_2": 0.0, "6_commande._597_2": 0.1111111111111111, "7_KODAK_597_2": 0.0, "8_lors_597_2": 0.0, "9_de_597_2": 0.0, "10_votre_597_2": 0.0, "11_sur_597_2": 0.0, "12_la_597_2": 0.0, "13_support_597_2": 0.0, "14_votre_597_2": 0.0, "15_insere_597_2": 0.0, "16_dans_597_2": 0.0, "17_station_597_2": 0.0, "18_l'integralite_597_2": 0.15384615384615385, "19_des_597_2": 0.0, "20_fichiers_597_2": 0.0, "21_contenus_597_2": 0.0, "22_de_597_2": 0.0, "23_copie_597_2": 0.0, "24_declarez_597_2": 0.0, "25_conserve_597_2": 0.0, "26_avoir_597_2": 0.0, "27_une_597_2": 0.0, "28_Vous_597_2": 0.0, "29_CONSERVER_597_2": 0.0, "30_RECU_597_2": 0.0, "31_A_597_2": 0.0, "0_JOOX_receipt_00471_1": 0.75, "1_20,000_receipt_00471_1": 0.0, "2_JOOX_receipt_00471_1": 0.25, "3_50,000_receipt_00471_1": 0.0, "4_Total_receipt_00471_1": 0.2, "5_30,000_receipt_00471_1": 0.16666666666666666, "6_Cream_receipt_00471_1": 0.2, "7_[L]_receipt_00471_1": 1.0, "8_Avocado_receipt_00471_1": 0.14285714285714285, "9_30,000_receipt_00471_1": 0.16666666666666666, "10_1_receipt_00471_1": 2.0, "0_QTE_517_0": 1.0, "1_MONTANT_517_0": 0.2857142857142857, "2_DESCRIPTION_517_0": 0.0, "3_Aytre._517_0": 0.3333333333333333, "4_Gargot_517_0": 0.0, "5_Nicolas_517_0": 0.0, "6_17440_517_0": 0.0, "7_Rue_517_0": 0.0, "8_12h30_517_0": 0.0, "9_Dimanche_517_0": 0.0, "10_9h_517_0": 0.5, "11_20h00_517_0": 0.0, "12_Samedi_517_0": 0.0, "13_de_517_0": 0.5, "14_9h_517_0": 0.0, "15_a_517_0": 0.0, "16_Lundi_517_0": 0.0, "17_au_517_0": 0.0, "18_:_517_0": 2.0, "19_0546457320_517_0": 0.0, "20_Tel_517_0": 0.0, "21_Carrefour_517_0": 0.0, "22_market_517_0": 0.0, "23_AYTRE_517_0": 0.0, "0_DESCRIPTION_279_0": 0.0, "1_QTE_279_0": 0.3333333333333333, "2_MONTANT_279_0": 0.2857142857142857, "3_LU_279_0": 1.0, "4_Tel_279_0": 0.0, "5_17000_279_0": 0.0, "6_LA_279_0": 0.0, "7_ROCHELLE_279_0": 0.0, "8_33_279_0": 0.0, "9_RUE_279_0": 0.0, "10_DE_279_0": 0.0, "11_LA_279_0": 0.5, "12_SCIERIE_279_0": 0.0, "13_CRF-CITY_279_0": 0.0, "14_LA_279_0": 0.0, "15_ROCHELLE_279_0": 0.0, "0_4.60_X51005447841_1": 0.0, "1_ZRL_X51005447841_1": 0.0, "2_4.60_X51005447841_1": 0.0, "3_4.60_X51005447841_1": 0.0, "4_1_X51005447841_1": 0.0, "5_WALK_X51005447841_1": 0.0, "6_25g_X51005447841_1": 0.0, "7_fishermans.f_X51005447841_1": 0.0, "8_s/free_X51005447841_1": 0.16666666666666666, "9_lemon_X51005447841_1": 0.0, "10_ZRL_X51005447841_1": 0.0, "11_2.70_X51005447841_1": 0.25, "12_2.70_X51005447841_1": 0.25, "13_WALK_X51005447841_1": 0.0, "14_70_X51005447841_1": 0.0, "15_1_X51005447841_1": 0.0, "16_2_X51005447841_1": 0.0, "17_45g_X51005447841_1": 0.0, "18_wafer_X51005447841_1": 0.0, "19_milk_X51005447841_1": 0.0, "20_Loacker_X51005447841_1": 0.0, "21_ZRL_X51005447841_1": 0.0, "22_1.90_X51005447841_1": 0.0, "23_1.90_X51005447841_1": 0.0, "24_1.90_X51005447841_1": 0.25, "25_WALK_X51005447841_1": 0.0, "26_1_X51005447841_1": 0.0, "27_REGULAR_X51005447841_1": 0.0, "28_500ML_X51005447841_1": 0.0, "29_100PLUS_X51005447841_1": 0.0, "30_ZRL_X51005447841_1": 0.0, "31_WALK_X51005447841_1": 0.0, "32_1.20_X51005447841_1": 0.25, "33_1.20_X51005447841_1": 0.25, "34_1.20_X51005447841_1": 0.0, "35_1_X51005447841_1": 0.0, "36_330ML_X51005447841_1": 0.0, "37_SARSAP_X51005447841_1": 0.0, "38_A&M_X51005447841_1": 0.0, "39_Code_X51005447841_1": 0.0, "40_Tax_X51005447841_1": 0.0, "41_Price_X51005447841_1": 0.0, "42_Tax_X51005447841_1": 0.0, "43_Exc._X51005447841_1": 0.0, "44_GST_X51005447841_1": 0.0, "45_UNITAmt_X51005447841_1": 0.14285714285714285, "46_Amt_X51005447841_1": 0.0, "47_Inc._X51005447841_1": 0.25, "48_UOM_X51005447841_1": 1.0, "49_QTY_X51005447841_1": 0.6666666666666666, "50_CASHIER:_X51005447841_1": 0.125, "51_2_X51005447841_1": 0.0, "52_COUNTER_X51005447841_1": 0.0, "53_3_X51005447841_1": 1.0, "54_TRN:_X51005447841_1": 0.0, "0_BONUS_794_4": 0.2, "1_+25%_794_4": 0.0, "2_UTILISE_794_4": 0.0, "3_9,75_794_4": 1.0, "4_RAPPEL_794_4": 0.0, "5_MONTANT_794_4": 0.0, "6_SOLDE_794_4": 0.0, "7_DISPONIBLE_794_4": 0.0, "8_9,75_794_4": 1.0, "9_28/02/2017._794_4": 0.09090909090909091, "10_UTILISER_794_4": 0.0, "11_JUSQU_794_4": 0.8, "12_AU_794_4": 0.5, "13_EUROS_794_4": 0.2, "14_A_794_4": 2.0, "15_14/01/2017_794_4": 0.0, "16_IL_794_4": 0.0, "17_VOUS_794_4": 1.0, "18_RESTAIT_794_4": 0.2857142857142857, "19_9.75_794_4": 1.0, "20_LE_794_4": 0.0, "21_FIDELITE_794_4": 0.0, "22_CARTE_794_4": 0.0, "23_59,30_794_4": 0.0, "24_53,60_794_4": 0.2, "25_5,70_794_4": 0.25, "26_TOTAL_794_4": 0.0, "27_TVA_794_4": 1.0, "28_3.79_794_4": 1.0, "29_22,74_794_4": 0.2, "30_18,95_794_4": 0.4, "31_B_794_4": 0.0, "32_20,00%_794_4": 0.16666666666666666, "0_ARTICLE_473_2": 0.0, "1_78.99\u20ac_473_2": 0.5, "2_(S)_473_2": 0.3333333333333333, "3_REMISES_473_2": 0.0, "4_25_473_2": 0.0, "5_TOTAL_473_2": 0.2, "6_AVANT_473_2": 0.0, "7_11.32\u20ac_473_2": 0.3333333333333333, "8_TOTAL_473_2": 0.0, "9_BEAUTE_473_2": 0.0, "10_/_473_2": 1.0, "11_SANTE_473_2": 0.0, "12_/_473_2": 1.0, "13_HYGIENE_473_2": 0.14285714285714285, "14_X31_473_2": 0.0, "15_8.50\u20ac_473_2": 0.4, "16_T2_473_2": 1.0, "17_NB_473_2": 1.0, "18_PAMPERS_473_2": 0.0, "19_0.70\u20ac_473_2": 0.4, "20_CREME_473_2": 0.2, "21_LAVANTE_473_2": 0.14285714285714285, "22_PECH_473_2": 0.0, "23_2.12\u20ac_473_2": 0.4, "24_2_473_2": 0.0, "25_DX_473_2": 0.0, "26_LPO_473_2": 0.0, "27_SAVONS_473_2": 0.16666666666666666, "28_67.67\u20ac_473_2": 0.3333333333333333, "29_TOTAL_473_2": 0.0, "30_ALIMENTAIRE_473_2": 0.36363636363636365, "31_2.67\u20ac_473_2": 0.4, "32_THE_473_2": 0.0, "33_ANGLAIS_473_2": 0.0, "34_TETLEY_473_2": 0.0, "35_X2_473_2": 0.5, "36_2.79\u20ac_473_2": 0.4, "37_STEAK_473_2": 0.0, "38_PP_473_2": 1.0, "39_0.82\u20ac_473_2": 0.4, "40_*ST_473_2": 1.0, "41_BANANE_473_2": 0.0, "42_P.PRIX_473_2": 0.0, "43_3.85\u20ac_473_2": 0.4, "44_*PECHE_473_2": 0.16666666666666666, "45_PLATE_473_2": 0.0, "46_CONSERVATION_473_2": 0.0, "47_1.21\u20ac_473_2": 0.4, "48_*PDT_473_2": 0.25, "49_0.75\u20ac_473_2": 0.4, "50_*PAIN_473_2": 0.2, "51_400GR_473_2": 0.4, "0_Flash_receipt_00187_1": 0.2, "1_BCA:_receipt_00187_1": 0.5, "2_15,500_receipt_00187_1": 0.5, "3_PB1:_receipt_00187_1": 1.0, "4_1,409_receipt_00187_1": 0.6, "5_SubTotal:_receipt_00187_1": 0.3333333333333333, "6_14,091_receipt_00187_1": 0.3333333333333333, "7_1_receipt_00187_1": 1.0, "8_Double_receipt_00187_1": 0.16666666666666666, "9_Choco_receipt_00187_1": 0.8, "10_Crispy_receipt_00187_1": 0.5, "11_14,091_receipt_00187_1": 0.5, "0_VOUS_573_2": 0.75, "1_REMERCIE_573_2": 0.0, "2_DE_573_2": 0.0, "3_VOTRE_573_2": 0.0, "4_VISITE_573_2": 0.0, "5_L'EQUIPE_573_2": 0.0, "6_TOUTE_573_2": 0.0, "7_DE_573_2": 0.0, "8_MARKET_573_2": 0.0, "9_0103_573_2": 0.0, "10_001_573_2": 0.0, "11_000348_573_2": 0.3333333333333333, "12_23/01/2017_573_2": 0.0, "13_19:17:06_573_2": 0.0, "0_NONTANT_237_0": 0.0, "1_QTE_237_0": 1.0, "2_DESCRIPTION_237_0": 0.0, "3_Aytre._237_0": 0.16666666666666666, "4_Gargot_237_0": 0.0, "5_17440_237_0": 0.0, "6_Nicolas_237_0": 0.0, "7_Rue_237_0": 0.0, "8_12h30_237_0": 0.0, "9_a_237_0": 0.0, "10_Dimanche_237_0": 0.0, "11_9h_237_0": 0.5, "12_20h00_237_0": 0.0, "13_de_237_0": 0.0, "14_9h_237_0": 0.5, "15_a_237_0": 1.0, "16_Samedi_237_0": 0.0, "17_Lundi_237_0": 0.0, "18_au_237_0": 1.0, "19_0546457320_237_0": 0.0, "20_Tel_237_0": 0.0, "21_AYTRE_237_0": 0.0, "22_market_237_0": 0.0, "23_Carrefour_237_0": 0.0, "0_Pandan_receipt_00357_0": 0.0, "1_1_receipt_00357_0": 0.0, "2_Es_receipt_00357_0": 0.0, "3_Kopi_receipt_00357_0": 0.0, "4_Susu_receipt_00357_0": 0.0, "5_35.000_receipt_00357_0": 0.16666666666666666, "6_1_receipt_00357_0": 0.0, "7_Nats_receipt_00357_0": 0.25, "8_Bitter_receipt_00357_0": 0.0, "9_Choco_receipt_00357_0": 0.4, "10_cake_receipt_00357_0": 0.25, "11_40.000_receipt_00357_0": 0.0, "0_-6.27\u20ac_248_1": 0.3333333333333333, "1_IMMEDIATES_248_1": 0.2, "2_TOTAL_248_1": 0.0, "3_REMISES_248_1": 0.0, "4_RENISES_248_1": 0.0, "5_33.76\u20ac_248_1": 0.3333333333333333, "6_AVANT_248_1": 0.0, "7_(S)_248_1": 1.0, "8_TOTAL_248_1": 0.0, "9_8_248_1": 0.0, "10_ARTICLE_248_1": 0.0, "11_10.00\u20ac_248_1": 0.3333333333333333, "12_ALINMENTAIRE_248_1": 0.08333333333333333, "13_TOTAL_248_1": 0.0, "14_NON_248_1": 0.0, "15_10.00\u20ac_248_1": 0.3333333333333333, "16_>E_248_1": 0.5, "17_BUGGY_248_1": 0.0, "18_RC_248_1": 0.0, "19_1/18_248_1": 0.25, "20_17.49\u20ac_248_1": 0.5, "21_ALIMENTAIRE_248_1": 0.18181818181818182, "22_TOTAL_248_1": 0.8, "23_1.60\u20ac_248_1": 0.6, "24_FRAMBOISE_248_1": 0.1111111111111111, "25_*MACARON_248_1": 0.125, "26_2.69\u20ac_248_1": 0.6, "27_LT3X100G.EXT_248_1": 0.16666666666666666, "28_SUP.N_248_1": 0.0, "29_-5.85\u20ac_248_1": 0.3333333333333333, "30_REMISE_248_1": 0.16666666666666666, "31_5.85_248_1": 0.0, "32_17.55\u20ac_248_1": 0.3333333333333333, "33_3x_248_1": 0.5, "34_LT2X250G_248_1": 0.125, "35_CLASS_248_1": 0.0, "36_HLU_248_1": 0.6666666666666666, "37_-0.42\u20ac_248_1": 0.3333333333333333, "38_REMISE_248_1": 0.16666666666666666, "39_0.96\u20ac_248_1": 0.4, "40_MADAG_248_1": 0.2, "41_CHOCO_248_1": 0.0, "42_NR_248_1": 0.5, "43_60%_248_1": 0.3333333333333333, "44_0.95\u20ac_248_1": 0.4, "45_80%_248_1": 0.0, "46_CHOC_248_1": 0.0, "47_NOIR_248_1": 0.0, "48_80G_248_1": 0.3333333333333333, "0_ _receipt_00079_0": 0.0, "0_DESCRIPTION_145_0": 0.0, "1_QTE_145_0": 1.0, "2_MONTANT_145_0": 0.0, "3_:_145_0": 1.0, "4_Tel_145_0": 0.0, "5_LA_145_0": 1.5, "6_17000_145_0": 0.0, "7_ROCHELLE_145_0": 0.0, "8_33_145_0": 0.0, "9_RUE_145_0": 0.0, "10_DE_145_0": 0.0, "11_LA_145_0": 0.0, "12_SCIERIE_145_0": 0.0, "13_CRF-CITY_145_0": 0.125, "14_LA_145_0": 0.5, "15_ROCHELLE_145_0": 0.0, "0_CASH_receipt_00041_1": 0.25, "1_45,000_receipt_00041_1": 0.16666666666666666, "2_DUE_receipt_00041_1": 0.0, "3_44,999_receipt_00041_1": 0.16666666666666666, "4_PB1_receipt_00041_1": 0.6666666666666666, "5_10%_receipt_00041_1": 0.3333333333333333, "6_4,090_receipt_00041_1": 0.2, "7_SUBTOTAL_receipt_00041_1": 0.125, "8_40,909_receipt_00041_1": 0.0, "9_KOREAN_receipt_00041_1": 0.16666666666666666, "10_1_receipt_00041_1": 2.0, "11_CURRY_receipt_00041_1": 0.0, "12_M_receipt_00041_1": 1.0, "13_40,909_receipt_00041_1": 0.3333333333333333, "0_1_receipt_00619_1": 1.0, "1_5.273_receipt_00619_1": 0.4, "2_PB_receipt_00619_1": 0.5, "3_1_receipt_00619_1": 1.0, "4_52.727_receipt_00619_1": 0.16666666666666666, "5_Subtotal_receipt_00619_1": 0.0, "0_:_556_0": 1.0, "1_Tel_556_0": 0.0, "2_17000_556_0": 0.0, "3_ROCHELLE_556_0": 0.0, "4_LA_556_0": 0.0, "5_3/5_556_0": 0.0, "6_RUE_556_0": 0.0, "7_DE_556_0": 0.0, "8_CORDOUAN_556_0": 0.0, "9_ROCHELLE/CRD_556_0": 0.0, "10_CRF-CITY_556_0": 0.0, "11_LA_556_0": 1.0, "0_-13.00\u20ac_186_1": 0.2857142857142857, "1_Votre_186_1": 0.0, "2_Monnaie_186_1": 0.0, "3_20.20\u20ac_186_1": 0.3333333333333333, "4_EUR_186_1": 0.0, "5_ESPECES_186_1": 0.0, "6_7.20\u20ac_186_1": 0.4, "7_TOTAL_186_1": 0.0, "8_PAYER_186_1": 0.0, "9_4_186_1": 0.0, "10_ARTICLE_186_1": 0.0, "11_(S)_186_1": 1.0, "12_A_186_1": 0.0, "13_2.50\u20ac/kg_186_1": 0.125, "14_0.186kg_186_1": 0.14285714285714285, "15_x_186_1": 1.0, "16_0.47\u20ac_186_1": 0.4, "17_ROYAL_186_1": 0.0, "18_GALA_186_1": 0.0, "19_1.08\u20ac_186_1": 0.4, "20_NOIR_186_1": 0.0, "21_80%_186_1": 0.3333333333333333, "22_CHOC_186_1": 0.25, "23_*80G_186_1": 0.5, "24_4.05\u20ac_186_1": 0.4, "25_*280G_186_1": 0.4, "26_AIGUILLET_186_1": 0.0, "27_POULE_186_1": 0.0, "28_1.60\u20ac_186_1": 0.4, "29_RAPE_186_1": 0.0, "30_*200G_186_1": 0.4, "31_BI_186_1": 0.0, "32_CAROTTE_186_1": 0.0, "33_NONTANT_186_1": 0.14285714285714285, "34_QTE_186_1": 0.3333333333333333, "35_DESCRIPTION_186_1": 0.0, "0_DESCRIPTION_426_0": 0.0, "1_QTE_426_0": 1.0, "2_MONTANT_426_0": 0.2857142857142857, "3_Tel_426_0": 0.0, "4_17000_426_0": 0.0, "5_LA_426_0": 0.0, "6_ROCHELLE_426_0": 0.0, "7_33_426_0": 1.0, "8_RUE_426_0": 0.0, "9_DE_426_0": 0.0, "10_LA_426_0": 0.0, "11_SCIERIE_426_0": 0.7142857142857143, "12_CRF-CITY_426_0": 0.0, "13_LA_426_0": 0.0, "14_ROCHELLE_426_0": 0.0, "0_QTE_322_0": 0.0, "1_DESCRIPTION_322_0": 0.0, "2_MONTANT_322_0": 0.42857142857142855, "3_Tel_322_0": 0.0, "4_17000_322_0": 0.0, "5_LA_322_0": 0.5, "6_ROCHELLE_322_0": 0.0, "7_33_322_0": 0.0, "8_RUE_322_0": 0.0, "9_DE_322_0": 0.0, "10_LA_322_0": 0.0, "11_SCIERIE_322_0": 0.14285714285714285, "12_CRF-CITY_322_0": 0.125, "13_LR_322_0": 0.0, "0_MERCI_451_1": 0.0, "1_DE_451_1": 0.0, "2_VOTRE_451_1": 0.0, "3_VISITE_451_1": 0.0, "4_002_451_1": 0.0, "5_0009_451_1": 0.25, "6_03/03/2017_451_1": 0.0, "7_000256_451_1": 0.0, "8_12:29:30_451_1": 0.0, "9_CARTE_451_1": 0.0, "10_BANCAIRE_451_1": 0.0, "11_EMV_451_1": 0.3333333333333333, "12_EUR_451_1": 0.0, "13_9.67\u20ac_451_1": 0.4, "14_4_451_1": 0.0, "15_ARTICLE_451_1": 0.0, "16_(S)_451_1": 1.0, "17_TOTAL_451_1": 0.0, "18_A_451_1": 0.0, "19_PAYER_451_1": 0.0, "20_9.67\u20ac_451_1": 0.4, "21_*COEUR_451_1": 0.16666666666666666, "22_EXTRA_451_1": 0.0, "23_CHOCO_451_1": 0.0, "24_2.62\u20ac_451_1": 0.4, "25_*AVOCAT_451_1": 0.14285714285714285, "26_1.50\u20ac_451_1": 0.4, "27_*4X1156_451_1": 0.0, "28_LES_451_1": 0.0, "29_2_451_1": 0.0, "30_VACHE_451_1": 0.2, "31_1.81\u20ac_451_1": 0.4, "32_SLDE_451_1": 0.0, "33_ROMA_451_1": 0.25, "34_*320G_451_1": 0.2, "35_JBN_451_1": 0.0, "36_3.74\u20ac_451_1": 0.4, "0_ _receipt_00066_0": 3.0, "0_ _receipt_00463_0": 1.0, "0_Kembalian_receipt_00250_1": 0.1111111111111111, "1_0_receipt_00250_1": 2.0, "2_15000_receipt_00250_1": 0.4, "3_Tunai_receipt_00250_1": 0.0, "0_ARTICLE_706_0": 0.0, "1_TVA._706_0": 0.75, "2_MONTANT_706_0": 0.0, "3_RECU_706_0": 0.0, "4_CLIENT_706_0": 0.0, "5_TICKET_706_0": 0.8333333333333334, "6_CLIENT_706_0": 0.0, "7_TVA_706_0": 0.0, "8_45190_706_0": 0.0, "9_MESSAS_706_0": 0.0, "10_AIRE_706_0": 0.0, "11_DE_706_0": 0.0, "12_MEUNG_706_0": 0.0, "13_SUR_706_0": 0.0, "14_LOIRE_706_0": 0.0, "15_A10_706_0": 0.6666666666666666, "16_SARL_706_0": 0.0, "17_DILLEN_706_0": 0.0, "18_STATION_706_0": 0.0, "19_ENI_706_0": 0.3333333333333333, "0_23.000_receipt_00082_1": 0.0, "1_THUBUCHER_receipt_00082_1": 1.0, "2_23.000_receipt_00082_1": 0.8333333333333334, "3_Total_receipt_00082_1": 1.0, "4_1_receipt_00082_1": 2.0, "0_Tel._652_0": 0.0, "1_01_652_0": 0.5, "2_43_652_0": 0.0, "3_4254_652_0": 0.0, "4_35_652_0": 0.0, "5_angle_652_0": 0.0, "6_21_652_0": 0.0, "7_Duhamel_652_0": 0.0, "8_rue_652_0": 0.3333333333333333, "9_G._652_0": 0.5, "10_75015_652_0": 0.2, "11_PARIS_652_0": 0.0, "12_87,_652_0": 1.0, "13_rue_652_0": 0.3333333333333333, "14_de_652_0": 0.0, "15_la_652_0": 0.0, "16_Procession_652_0": 0.0, "17_Relais_652_0": 0.0, "18_Producteurs_652_0": 0.0, "19_Procession_652_0": 0.0, "0_QTE_593_0": 1.0, "1_DESCRIPTION_593_0": 0.09090909090909091, "2_MONTANT_593_0": 0.14285714285714285, "3_:_593_0": 1.0, "4_Tel_593_0": 0.0, "5_45000_593_0": 0.0, "6_ORLEANS_593_0": 0.0, "7_294_593_0": 0.0, "8_RUE_593_0": 0.0, "9_DE_593_0": 0.0, "10_BOURGOGNE_593_0": 0.0, "11_CRF_593_0": 0.0, "12_EXP_593_0": 0.0, "13_ORLEANS_593_0": 0.0, "14_BOURGOGNE_593_0": 0.0, "0_MERCI_650_1": 0.0, "1_DE_650_1": 0.0, "2_VOTRE_650_1": 0.0, "3_VISITE_650_1": 0.0, "4_Montant:_650_1": 0.125, "5_7,95_650_1": 0.5, "6_EUR_650_1": 0.0, "7_Date:_650_1": 0.0, "8_07-06-17_650_1": 0.0, "9_Heure:_650_1": 0.16666666666666666, "10_16:57:41_650_1": 0.125, "11_token:_650_1": 0.16666666666666666, "12_0_650_1": 1.0, "13_Trans._650_1": 0.16666666666666666, "14_ID:_650_1": 0.0, "15_0_650_1": 1.0, "16_Operacion:_650_1": 0.1, "17_ID_650_1": 0.5, "18_Titular:_650_1": 0.125, "19_EMV_650_1": 0.0, "20_Num._650_1": 0.25, "21_Carte:_650_1": 0.16666666666666666, "22_VENTE_650_1": 0.0, "23_EMV_650_1": 0.0, "24_AXIS_650_1": 0.0, "25_EUR_650_1": 0.0, "26_7,95_650_1": 0.5, "27_Total_650_1": 0.0, "28_7,95_650_1": 0.25, "29_10001962_650_1": 0.0, "30_T-SHIRT_650_1": 0.0, "31_2000_650_1": 0.25, "32_7,95_650_1": 0.5, "33_T_650_1": 0.0, "34_1_650_1": 0.0, "35_7,95_650_1": 0.5, "36_V_650_1": 1.0, "0_ _receipt_00509_0": 4.0, "0_avez_216_2": 0.0, "1_cumu!_216_2": 0.0, "2_Bravo_216_2": 0.0, "3_vous_216_2": 0.0, "4_BIENTOT_216_2": 0.0, "5_A_216_2": 0.0, "6_Vous_216_2": 0.0, "7_remercie_216_2": 0.0, "8_de_216_2": 0.0, "9_votre_216_2": 0.0, "10_visite_216_2": 0.0, "11_CARREFOUR_216_2": 0.0, "12_MARKET_216_2": 0.0, "13_AYTRE_216_2": 0.0, "14_0106_216_2": 0.25, "15_002_216_2": 0.0, "16_28/10/2016_216_2": 0.0, "17_14:39:14_216_2": 0.0, "18_000347_216_2": 0.0, "19_Carte_216_2": 0.0, "0_GORENG_receipt_00104_0": 0.16666666666666666, "1_22.500_receipt_00104_0": 0.0, "2_NASI_receipt_00104_0": 0.5, "3_1_receipt_00104_0": 1.0, "4_+DINGIN_receipt_00104_0": 0.14285714285714285, "5_17.500_receipt_00104_0": 0.0, "6_SUSU_receipt_00104_0": 0.75, "7_KOPI_receipt_00104_0": 0.25, "8_1_receipt_00104_0": 0.0, "9_+DINGIN_receipt_00104_0": 0.14285714285714285, "10_SUSU_receipt_00104_0": 0.75, "11_17.500_receipt_00104_0": 0.0, "12_KOPI_receipt_00104_0": 0.75, "13_1_receipt_00104_0": 0.0, "0_LW_receipt_00660_0": 1.0, "1_RE5_receipt_00660_0": 0.6666666666666666, "2_M_receipt_00660_0": 1.0, "3_LP5978_receipt_00660_0": 1.0, "4_-31,500_receipt_00660_0": 1.0, "5_Offer_receipt_00660_0": 0.8, "6_disc_receipt_00660_0": 0.5, "7_45_receipt_00660_0": 1.0, "8_%_receipt_00660_0": 1.0, "9_70,000_receipt_00660_0": 0.6666666666666666, "10_70,000_receipt_00660_0": 0.5, "11_1_receipt_00660_0": 1.0, "12_LP5978_receipt_00660_0": 1.0, "13_WH3_receipt_00660_0": 1.0, "14_M_receipt_00660_0": 1.0, "15_LW_receipt_00660_0": 1.0, "16_disc_receipt_00660_0": 0.5, "17_-31,500_receipt_00660_0": 0.7142857142857143, "18_Offer_receipt_00660_0": 0.6, "19_45_receipt_00660_0": 1.0, "20_%_receipt_00660_0": 1.0, "21_70,000_receipt_00660_0": 0.3333333333333333, "22_70,000_receipt_00660_0": 0.3333333333333333, "23_1_receipt_00660_0": 0.0, "24_LP5201_receipt_00660_0": 1.0, "25_LW_receipt_00660_0": 1.0, "26_BL1_receipt_00660_0": 1.0, "27_M_receipt_00660_0": 1.0, "0_A_390_1": 0.0, "1_BIENTOT_390_1": 0.0, "2_MERCI_390_1": 0.2, "3_DE_390_1": 0.0, "4_VOTRE_390_1": 0.0, "5_VISITE_390_1": 0.0, "6_0006_390_1": 0.5, "7_19/05/2017_390_1": 0.1, "8_003_390_1": 0.3333333333333333, "9_000099_390_1": 0.16666666666666666, "10_13:11:05_390_1": 0.125, "11_CB_390_1": 0.5, "12_EMV_390_1": 0.6666666666666666, "13_SANS_390_1": 0.0, "14_CONTACT_390_1": 0.0, "15_EUR_390_1": 0.0, "16_4.63\u20ac_390_1": 0.4, "17_2_390_1": 1.0, "18_AITICLE(S)_390_1": 0.0, "19_TOTAL_390_1": 0.0, "20_A_390_1": 0.0, "21_PAYER_390_1": 0.0, "22_4.63\u20ac_390_1": 0.4, "23_*SALADI_390_1": 0.14285714285714285, "24_PATE_390_1": 0.0, "25_JBON_390_1": 0.5, "26_3.32\u20ac_390_1": 0.4, "27_FRANBOISE_390_1": 0.2222222222222222, "28_*PIM'S_390_1": 0.16666666666666666, "29_LU_390_1": 1.0, "30_1.31\u20ac_390_1": 0.4, "0_BIENTOT_462_1": 0.0, "1_DE_462_1": 0.0, "2_MERCI_462_1": 0.0, "3_VOTRE_462_1": 0.0, "4_VISITE_462_1": 0.0, "5_0002_462_1": 0.0, "6_004_462_1": 0.0, "7_000612_462_1": 0.0, "8_22/02/2017_462_1": 0.0, "9_12:01:47_462_1": 0.0, "10_BANCAIRE_462_1": 0.0, "11_CARTE_462_1": 0.0, "12_EMV_462_1": 0.3333333333333333, "13_EUR_462_1": 0.0, "14_6.15\u20ac_462_1": 0.4, "15_2_462_1": 0.0, "16_ARTICLE_462_1": 0.0, "17_(S)_462_1": 0.6666666666666666, "18_TOTAL_462_1": 0.0, "19_A_462_1": 0.0, "20_PAYER_462_1": 0.0, "21_6.15\u20ac_462_1": 0.4, "22_*LEGUME_462_1": 0.14285714285714285, "23_DU_462_1": 1.0, "24_SUD_462_1": 0.6666666666666666, "25_1L_462_1": 1.0, "26_2.416_462_1": 0.4, "27_ROMA_462_1": 0.5, "28_*320G_462_1": 0.4, "29_SLDE_462_1": 0.0, "30_JBN_462_1": 0.3333333333333333, "31_3.74\u20ac_462_1": 0.4, "0_ _640_0": 4.0, "0_DESCRIPTION_222_0": 0.0, "1_QTE_222_0": 1.0, "2_MONTANT_222_0": 0.14285714285714285, "3_Gargot_222_0": 0.0, "4_Aytre._222_0": 0.0, "5_Rue_222_0": 0.0, "6_Nicolas_222_0": 0.0, "7_17440_222_0": 0.0, "8_Dimanche_222_0": 0.0, "9_9h_222_0": 0.5, "10_a_222_0": 1.0, "11_12h30_222_0": 0.0, "12_Lundi_222_0": 0.0, "13_au_222_0": 0.5, "14_Samedi_222_0": 0.16666666666666666, "15_20h00_222_0": 0.0, "16_de_222_0": 0.0, "17_9h_222_0": 0.5, "18_a_222_0": 1.0, "19_:_222_0": 2.0, "20_0546457320_222_0": 0.0, "21_Tel_222_0": 0.0, "22_Carrefour_222_0": 0.0, "23_market_222_0": 0.0, "24_AYTRE_222_0": 0.0, "0_25.000_receipt_00581_1": 1.0, "1_Debet_receipt_00581_1": 0.0, "2_Card_receipt_00581_1": 0.0, "3_25.000_receipt_00581_1": 0.0, "4_Total._receipt_00581_1": 0.0, "5_Total_receipt_00581_1": 0.2, "6_2_receipt_00581_1": 0.0, "7_Item:_receipt_00581_1": 0.0, "8_0_receipt_00581_1": 2.0, "9_x1_receipt_00581_1": 1.0, "10_0_receipt_00581_1": 1.0, "11_Bag_receipt_00581_1": 0.3333333333333333, "12_6001-Plastic_receipt_00581_1": 0.08333333333333333, "13_Small_receipt_00581_1": 0.2, "14_25.000_receipt_00581_1": 0.16666666666666666, "15_25.000_receipt_00581_1": 0.0, "16_x1_receipt_00581_1": 0.5, "17_4005-Maple_receipt_00581_1": 0.1, "18_glazed_receipt_00581_1": 0.16666666666666666, "0_ _receipt_00526_0": 2.0, "0_A_192_2": 0.0, "1_BIENTOT_192_2": 0.0, "0_12.66\u20ac_107_1": 0.3333333333333333, "1_SANS_107_1": 0.0, "2_CB_107_1": 0.0, "3_EMV_107_1": 0.3333333333333333, "4_CONTACT_107_1": 0.0, "5_EUR_107_1": 0.0, "6_6_107_1": 0.0, "7_12.66\u20ac_107_1": 0.3333333333333333, "8_ARTICLE(S)_107_1": 0.0, "9_TOTAL_107_1": 0.0, "10_A_107_1": 0.0, "11_PAYER_107_1": 0.0, "12_4.49\u20ac_107_1": 0.4, "13_SENSEO_107_1": 0.16666666666666666, "14_CLA_107_1": 1.0, "15_*X36_107_1": 0.5, "16_DOS_107_1": 1.0, "17_0.360kg_107_1": 0.0, "18_2.50\u20ac/kg_107_1": 0.375, "19_x_107_1": 0.0, "20_*CLEMENTINE_107_1": 0.09090909090909091, "21_0.90\u20ac_107_1": 0.4, "22_0.2094_107_1": 0.0, "23_x_107_1": 1.0, "24_11.70\u20ac_107_1": 0.3333333333333333, "25_2.45\u20ac_107_1": 0.4, "26_MEAUX_107_1": 0.2, "27_RDF_107_1": 0.0, "28_*BRIE_107_1": 0.2, "29_DE_107_1": 0.0, "30_0.50\u20ac_107_1": 0.4, "31_*BATONNET_107_1": 0.1111111111111111, "32_OUATE_107_1": 0.2, "33_CRF_107_1": 0.0, "34_0.84\u20ac_107_1": 0.6, "35_250G_107_1": 0.25, "36_*BAGUETTE_107_1": 0.0, "37_AUBERGI_107_1": 0.14285714285714285, "38_*1/2_107_1": 1.0, "39_CONFIT_107_1": 0.3333333333333333, "40_QTE_107_1": 1.0, "41_KONTANT_107_1": 0.14285714285714285, "42_DESCRIPTION_107_1": 0.0, "0_DESCRIPTION_328_0": 0.0, "1_QTE_328_0": 1.0, "2_MONTANT_328_0": 0.2857142857142857, "3_:_328_0": 1.0, "4_Tel_328_0": 0.0, "5_17000_328_0": 0.0, "6_ROCHELLE_328_0": 0.0, "7_LA_328_0": 0.5, "8_33_328_0": 0.0, "9_RUE_328_0": 0.0, "10_DE_328_0": 0.0, "11_LA_328_0": 0.0, "12_SCIERIE_328_0": 0.0, "13_CRF-CITY_328_0": 0.0, "14_LA_328_0": 0.0, "15_ROCHELLE_328_0": 0.0, "0_bientot._617_1": 0.125, "1_Merci_617_1": 0.0, "2_et_617_1": 0.0, "3_a_617_1": 0.0, "4_Hote(sse)_617_1": 0.0, "5_:CAISSE2_617_1": 0.125, "6_Magasin_617_1": 0.0, "7_N:02_617_1": 0.25, "8_Caisse_617_1": 0.0, "9_N:02_617_1": 0.25, "10_Ticket_617_1": 0.0, "11_15/03/2017_617_1": 0.0, "12_Mercredi_617_1": 0.0, "13_a_617_1": 0.0, "14_16:51_617_1": 0.0, "15_0.65_617_1": 0.0, "16_RENDU_617_1": 0.0, "17_5.00_617_1": 0.0, "18_ESPECES_617_1": 0.0, "19_0.23_617_1": 0.0, "20_TVA_617_1": 0.0, "21_5.5_617_1": 0.3333333333333333, "22_Dont_617_1": 0.0, "0_12:04:29_42_1": 0.125, "1_23/02/2017_42_1": 0.0, "2_0009_42_1": 0.25, "3_004_42_1": 0.0, "4_000067_42_1": 0.0, "5_5.19\u20ac_42_1": 0.4, "6_BANCAIRE_42_1": 0.0, "7_EMV_42_1": 0.3333333333333333, "8_EUR_42_1": 0.0, "9_CARTE_42_1": 0.0, "10_5.19\u20ac_42_1": 0.4, "11_ARTICLE(S)_42_1": 0.0, "12_TOTAL_42_1": 0.0, "13_A_42_1": 1.0, "14_PAYER_42_1": 0.0, "15_4_42_1": 1.0, "16_1.26\u20ac_42_1": 0.4, "17_*LENTILLE_42_1": 0.1111111111111111, "18_BUTERNUT_42_1": 0.0, "19_1.15\u20ac_42_1": 0.4, "20_*BAGUETTE_42_1": 0.1111111111111111, "21_CERE_42_1": 0.0, "22_PERENE_42_1": 0.16666666666666666, "23_1.73\u20ac_42_1": 0.4, "24_CROUTON_42_1": 0.0, "25_BIO_42_1": 0.6666666666666666, "26_BL_42_1": 0.0, "27_*69G_42_1": 0.5, "28_1.05\u20ac_42_1": 0.4, "29_POIR/PD_42_1": 0.0, "30_VELOUTE_42_1": 0.0, "31_*1L_42_1": 0.0, "32_HONTANT_42_1": 0.2857142857142857, "33_QTE_42_1": 0.0, "34_DESCRIPTION_42_1": 0.0, "0_2.42\u20ac_213_1": 0.4, "1_*CHAMOIS_213_1": 0.375, "2_D_213_1": 1.0, "3_OR_213_1": 1.0, "4_1.54\u20ac_213_1": 0.4, "5_*BRK_213_1": 0.25, "6_SQR_213_1": 0.3333333333333333, "7_1L_213_1": 1.0, "8_PJ_213_1": 1.0, "9_POMM_213_1": 0.5, "10_2.30\u20ac_213_1": 0.4, "11_*BONDUELLE_213_1": 0.0, "12_CHAHP._213_1": 0.16666666666666666, "13_GRIMBERGEN_213_1": 0.3, "14_4.10\u20ac_213_1": 0.4, "15_BIERE_213_1": 0.0, "16_1.85\u20ac_213_1": 0.4, "17_*ANDROS_213_1": 0.0, "18_POMME_213_1": 0.4, "19_NATUR_213_1": 0.0, "20_0.92\u20ac_213_1": 0.4, "21_MOYEN_213_1": 0.2, "22_*ABRICOT_213_1": 0.0, "23_URAC_213_1": 0.25, "24_1.95\u20ac_213_1": 0.4, "25_CAL.MOY_213_1": 0.2857142857142857, "26_OEUF_213_1": 0.0, "27_BIO_213_1": 0.0, "28_1.89\u20ac_213_1": 0.6, "29_BON_213_1": 1.0, "30_NATU_213_1": 0.5, "31_*4T_213_1": 1.0, "32_LE_213_1": 0.5, "33_PLT_213_1": 1.0, "34_1.02\u20ac_213_1": 0.4, "35_SALSIFIS_213_1": 0.0, "36_CRF_213_1": 0.3333333333333333, "37_*37CL_213_1": 0.6, "38_1.27\u20ac_213_1": 0.4, "39_BISCOTTE_213_1": 0.0, "40_300G_213_1": 0.25, "41_COMP_213_1": 0.75, "42_2.75\u20ac_213_1": 0.4, "43_*250G_213_1": 0.4, "44_TORT_213_1": 0.0, "45_RICOTTA_213_1": 0.0, "46_COQUILLETTE_213_1": 0.0, "47_P._213_1": 1.0, "48_0.87\u20ac_213_1": 0.4, "49_1KG_213_1": 0.6666666666666666, "50_RUSTICO_213_1": 0.0, "51_2.49\u20ac_213_1": 0.4, "52_1756_213_1": 0.0, "53_PESTO_213_1": 0.0, "54_1.75\u20ac_213_1": 0.4, "55_*1/2_213_1": 0.25, "56_QUENEL.VOLAIL._213_1": 0.35714285714285715, "57_OIGNON_213_1": 0.16666666666666666, "58_1.92\u20ac_213_1": 0.4, "59_*1/2_213_1": 0.5, "60_XF._213_1": 0.0, "61_H.V_213_1": 1.0, "62_2.49\u20ac_213_1": 0.4, "63_*1/2_213_1": 0.75, "64_CONFIT_213_1": 0.0, "65_AUBERGI_213_1": 0.8571428571428571, "0_40,000_receipt_00413_0": 0.16666666666666666, "1_OCHA_receipt_00413_0": 0.0, "2_4,000_receipt_00413_0": 0.0, "3_10X_receipt_00413_0": 0.3333333333333333, "4_10,000_receipt_00413_0": 0.16666666666666666, "5_BOX_receipt_00413_0": 0.0, "6_T._receipt_00413_0": 1.0, "7_O_receipt_00413_0": 1.0, "8_1,000_receipt_00413_0": 0.0, "9_10X_receipt_00413_0": 0.3333333333333333, "10_200,000_receipt_00413_0": 0.14285714285714285, "11_CHIKATSU_receipt_00413_0": 0.0, "12_BEN_receipt_00413_0": 0.0, "13_20,000_receipt_00413_0": 0.0, "14_10X_receipt_00413_0": 0.3333333333333333, "0_ _receipt_00752_0": 1.0, "0_MONTANT_535_0": 0.2857142857142857, "1_DESCRIPTION_535_0": 0.0, "2_QTE_535_0": 0.3333333333333333, "3_:_535_0": 1.0, "4_Tel_535_0": 0.0, "5_45000_535_0": 0.0, "6_ORLEANS_535_0": 0.0, "7_1,_535_0": 1.0, "8_GRENIER_535_0": 0.0, "9_RUE_535_0": 0.0, "10_DU_535_0": 2.0, "11_A_535_0": 1.0, "12_SEL_535_0": 0.0, "13_CARREFOUR_535_0": 0.0, "14_CITY_535_0": 0.0, "15_ORLEANS_535_0": 0.0, "0_A_338_2": 0.0, "1_BIENTOT_338_2": 0.0, "0_A_683_5": 0.0, "1_BIENTOT_683_5": 0.0, "0_ _receipt_00466_0": 2.0, "0_ _receipt_00682_1": 2.0, "0_VOUS_574_2": 0.75, "1_REMERCIE_574_2": 0.0, "2_DE_574_2": 0.0, "3_VOTRE_574_2": 0.0, "4_VISITE_574_2": 0.0, "5_TOUTE_574_2": 0.0, "6_L'EQUIPE_574_2": 0.0, "7_MARKET_574_2": 0.0, "8_DE_574_2": 0.0, "9_0101_574_2": 0.0, "10_005_574_2": 0.0, "11_000106_574_2": 0.0, "12_29/01/2017_574_2": 0.0, "13_12:23:14_574_2": 0.0, "14_:_574_2": 2.0, "15_Carte_574_2": 0.0, "0_ _receipt_00724_0": 2.0, "0_Votre_563_1": 0.0, "1_Monnaie_563_1": 0.0, "2_-0.33\u20ac_563_1": 0.3333333333333333, "3_EUR_563_1": 0.0, "4_ESPECES_563_1": 0.0, "5_3.00\u20ac_563_1": 0.4, "6_ARTICLE_563_1": 0.0, "7_2.67\u20ac_563_1": 0.4, "8_3_563_1": 0.0, "9_(S)_563_1": 0.6666666666666666, "10_TOTAL_563_1": 0.0, "11_A_563_1": 0.0, "12_PAYER_563_1": 0.0, "13_Sous-TOTAL_563_1": 0.0, "14_2.67\u20ac_563_1": 0.4, "15_TOTAL_563_1": 0.0, "16_ALIMENTAIRE_563_1": 0.09090909090909091, "17_2.67\u20ac_563_1": 0.4, "18_FRAICH.EPAISSE_563_1": 0.0, "19_0.83\u20ac_563_1": 0.4, "20_CRM_563_1": 0.3333333333333333, "21_*BAGUETTE_563_1": 0.1111111111111111, "22_250_563_1": 0.0, "23_0.55\u20ac_563_1": 0.4, "24_360G_563_1": 0.25, "25_PAINS_563_1": 0.0, "26_1.29\u20ac_563_1": 0.4, "27_CHOCO._563_1": 0.16666666666666666, "0_SPECULOOS_625_0": 0.1111111111111111, "1_LOTUS_625_0": 0.0, "2_SACHET_625_0": 0.0, "3_700G_625_0": 0.25, "4_2,70_625_0": 0.25, "5_\u20ac_625_0": 0.0, "6_>>>>_625_0": 0.5, "7_EPICERIE_625_0": 0.0, "8_\u20ac_625_0": 1.0, "9_CR.FRAICHE_625_0": 0.1, "10_1,65_625_0": 0.5, "11_BIG_625_0": 0.3333333333333333, "12_35%_625_0": 0.0, "13_ISIGNY_625_0": 0.16666666666666666, "14_20CL_625_0": 0.5, "15_FRO.PAST.PT_625_0": 0.0, "16_BRIE_625_0": 0.0, "17_32%_625_0": 0.0, "18_B.VU_625_0": 0.5, "19_500G_625_0": 0.25, "20_2,69_625_0": 0.25, "21_\u20ac_625_0": 0.0, "22_CREMERIE_625_0": 0.0, "23_>>>>_625_0": 0.0, "24_L.S._625_0": 1.0, "25_COR_625_0": 0.0, "26_4.75_625_0": 0.0, "27_RGE_625_0": 0.3333333333333333, "28_FONT_625_0": 0.0, "29_SANTE_625_0": 0.2, "30_BIO_625_0": 0.3333333333333333, "31_75CL_625_0": 0.75, "32_\u20ac_625_0": 0.0, "33_LIQUIDES_625_0": 0.0, "34_>>>>_625_0": 0.5, "35_236_625_0": 0.0, "36_AM_625_0": 0.5, "37_15/06/17_625_0": 0.0, "38_13:05_625_0": 0.2, "39_581365_625_0": 0.0, "40_Operateur_625_0": 0.0, "41_Ticket_625_0": 0.0, "42_Date_625_0": 0.0, "43_Heure_625_0": 0.0, "44_TPU_625_0": 0.6666666666666666, "45_Le_625_0": 0.0, "46_dinanche_625_0": 0.125, "47_de_625_0": 0.0, "48_8h30_625_0": 0.25, "49_a_625_0": 1.0, "50_12h30_625_0": 0.0, "51_20h00_625_0": 0.0, "52_De_625_0": 0.0, "53_a_625_0": 1.0, "54_8h30_625_0": 0.25, "55_04.66.35.36.30_625_0": 0.07142857142857142, "56_Tel_625_0": 0.6666666666666666, "57_30310_625_0": 0.0, "58_VERGEZE_625_0": 0.14285714285714285, "59_Route_625_0": 0.0, "60_de_625_0": 0.0, "61_Codognan_625_0": 0.125, "0_0%_X51005441407_2": 0.0, "1_0.00_X51005441407_2": 0.25, "2_6%_X51005441407_2": 0.5, "3_S_X51005441407_2": 0.0, "4_60.50_X51005441407_2": 0.2, "5_3.63_X51005441407_2": 0.25, "6_Summary_X51005441407_2": 0.0, "7_GST_X51005441407_2": 1.0, "8_(RM)_X51005441407_2": 0.25, "9_Amount_X51005441407_2": 0.0, "10_(RM)_X51005441407_2": 0.25, "11_Tax_X51005441407_2": 0.0, "12_Discount_X51005441407_2": 0.0, "13_Total_X51005441407_2": 0.2, "14_RM_X51005441407_2": 0.5, "15_0_X51005441407_2": 0.0, "16_00_X51005441407_2": 1.0, "17_Item_X51005441407_2": 0.0, "18_Ma_X51005441407_2": 0.0, "19_in_X51005441407_2": 0.0, "20_Count_X51005441407_2": 0.0, "21_1_X51005441407_2": 0.0, "0_Patapain_674_1": 0.0, "1_page_674_1": 0.0, "2_officielle_674_1": 0.0, "3_la_674_1": 0.0, "4_capital_674_1": 0.0, "5_2.000.000_674_1": 0.0, "6_euros_674_1": 0.0, "7_de_674_1": 0.0, "8_SASU_674_1": 0.0, "9_au_674_1": 0.0, "10_FRR_674_1": 0.0, "11_:_674_1": 1.0, "12_FR69330319260_674_1": 0.15384615384615385, "13_TVA_674_1": 0.3333333333333333, "14_BOURGES_674_1": 0.0, "15_319_674_1": 0.0, "16_260_674_1": 0.0, "17_RCS_674_1": 0.6666666666666666, "18_330_674_1": 0.0, "19_68703_674_1": 0.0, "20_54666_674_1": 0.0, "21_Caisse:_674_1": 0.14285714285714285, "22_02/05/2017_674_1": 0.0, "23_18:17_674_1": 0.0, "24_Num:_674_1": 0.5, "25_0,07_674_1": 0.25, "26_1,30_674_1": 0.25, "27_1,23_674_1": 0.25, "28_5.50_674_1": 0.25, "29_Brut_674_1": 0.0, "30_TVA_674_1": 0.0, "31_H.T._674_1": 0.5, "32_TVA_674_1": 0.0, "33_8,70_674_1": 0.5, "34_10,00_674_1": 0.0, "35_Espece_674_1": 0.0, "36_percu:_674_1": 0.5, "37_Rendu:_674_1": 0.16666666666666666, "38_1,30_674_1": 0.5, "39_Especes_674_1": 0.0, "40_1,30_674_1": 0.25, "41_EUR_674_1": 0.0, "42_TOTAL_674_1": 0.0, "0_0_receipt_00337_1": 0.0, "1_Kembalian_receipt_00337_1": 0.1111111111111111, "2_72.600_receipt_00337_1": 0.0, "3_DEBIT_receipt_00337_1": 0.0, "4_Card_receipt_00337_1": 0.25, "5_72.600_receipt_00337_1": 0.0, "6_Total_receipt_00337_1": 0.0, "7_Pajak_receipt_00337_1": 0.0, "8_6.600_receipt_00337_1": 0.2, "9_Subtotal_receipt_00337_1": 0.0, "10_66.000_receipt_00337_1": 0.0, "11_Goreng_receipt_00337_1": 0.0, "12_Pisang_receipt_00337_1": 0.0, "13_28.000_receipt_00337_1": 0.0, "14_1_receipt_00337_1": 0.0, "15_Sleepy_receipt_00337_1": 0.3333333333333333, "16_Iced_receipt_00337_1": 0.75, "17_38.000_receipt_00337_1": 0.16666666666666666, "18_1_receipt_00337_1": 0.0, "19_Coffee_receipt_00337_1": 0.16666666666666666, "0_MEGA_receipt_00332_0": 0.25, "1_Discount_receipt_00332_0": 0.0, "2_250-_receipt_00332_0": 0.0, "3_CF_receipt_00332_0": 1.5, "4_NASI_receipt_00332_0": 0.25, "5_PUTIH_receipt_00332_0": 0.0, "6_5,000_receipt_00332_0": 0.0, "7_1X_receipt_00332_0": 1.0, "8_5,000_receipt_00332_0": 0.0, "9_MEGA_receipt_00332_0": 0.25, "10_Discount_receipt_00332_0": 0.0, "11_250 -_receipt_00332_0": 0.4, "12_CF_receipt_00332_0": 0.5, "13_NASI_receipt_00332_0": 0.25, "14_PUTIH_receipt_00332_0": 0.4, "15_5,000_receipt_00332_0": 0.0, "16_1X_receipt_00332_0": 0.5, "17_5,000_receipt_00332_0": 0.0, "0_Tel_330_0": 0.0, "1_17000_330_0": 0.0, "2_LA_330_0": 0.0, "3_ROCHELLE_330_0": 0.0, "4_33_330_0": 0.0, "5_RUE_330_0": 0.0, "6_DE_330_0": 0.0, "7_LA_330_0": 0.0, "8_SCIERIE_330_0": 0.14285714285714285, "9_CRF-CITY_330_0": 0.0, "10_LA_330_0": 0.0, "11_ROCHELLE_330_0": 0.0, "0_Article_605_2": 0.0, "1_(+)_605_2": 0.0, "2_4_605_2": 0.0, "3_11,65_605_2": 0.2, "4_\u20ac_605_2": 0.0, "5_Total_605_2": 0.0, "6_HT_605_2": 0.0, "7_0,64_605_2": 0.25, "8_\u20ac_605_2": 0.0, "9_TVA_605_2": 0.0, "10_Total_605_2": 0.0, "11_0,64_605_2": 0.0, "12_\u20ac_605_2": 0.0, "13_5,50_605_2": 0.25, "14_TVA_605_2": 1.0, "15_%:_605_2": 1.0, "16_Dont_605_2": 0.25, "17_TOTAL:_605_2": 0.0, "0_Paiement_808_2": 0.0, "1_par_808_2": 0.0, "2_38,57_808_2": 0.0, "3_bancaire_808_2": 0.0, "4_EUR_808_2": 0.0, "5_Carte_808_2": 0.0, "6_36,56_808_2": 0.0, "7_2,01_808_2": 0.25, "8_reduit_808_2": 0.0, "9_Taux_808_2": 0.0, "10_sur_808_2": 0.0, "11_38,57_808_2": 0.2, "12_Net_808_2": 0.0, "13_TTC:_808_2": 1.0, "14_10,00%:_808_2": 0.14285714285714285, "15_4,29_808_2": 0.5, "16_Remise_808_2": 0.0, "17_42,86_808_2": 0.2, "18_TTC:_808_2": 0.0, "19_Total_808_2": 0.0, "20_2,01_808_2": 0.25, "21_Total_808_2": 0.0, "22_TVA:_808_2": 0.0, "23_36,56_808_2": 0.2, "24_Total_808_2": 0.0, "25_Net_808_2": 0.0, "26_HT:_808_2": 0.0, "0_VIENNOIS_794_1": 0.0, "1_CHOCOLA_794_1": 0.0, "2_1,00_794_1": 0.25, "3_EUR_794_1": 0.3333333333333333, "4_A_794_1": 0.0, "5_*LE_794_1": 1.0, "6_0,99_794_1": 0.25, "7_EUR_794_1": 0.0, "8_BUDGET_794_1": 0.0, "9_CREME_794_1": 0.0, "10_FR._794_1": 0.0, "11_A_794_1": 0.0, "12_TOP_794_1": 0.3333333333333333, "13_4,80_794_1": 0.25, "14_EUR_794_1": 0.0, "15_B_794_1": 0.0, "16_BROSSE_794_1": 0.0, "17_ADH_794_1": 0.3333333333333333, "18_APTA_794_1": 0.0, "19_RECH_794_1": 0.0, "20_1,91_794_1": 0.5, "21_EUR_794_1": 0.0, "22_B_794_1": 0.0, "23_NO_794_1": 0.0, "24_STMARC_794_1": 0.0, "25_PIST_794_1": 0.0, "26_SAVON_794_1": 0.0, "27_2.93_794_1": 0.25, "28_EUR_794_1": 0.0, "29_B_794_1": 0.0, "30_EDT_794_1": 0.0, "31_DEODOR.R_794_1": 0.125, "32_SCORPIO_794_1": 0.2857142857142857, "33_ART#_794_1": 0.25, "34_EUR_794_1": 0.0, "35_B_794_1": 0.0, "36_MUS_794_1": 1.0, "37_2,63_794_1": 0.25, "38_REXONA_794_1": 0.0, "39_WOMEN_794_1": 0.0, "40_DEO_794_1": 0.0, "41_EUR_794_1": 0.0, "42_VANIA_794_1": 0.0, "43_3,03_794_1": 0.25, "44_A_794_1": 0.0, "45_KOTY_794_1": 0.25, "46_SERV_794_1": 0.0, "47_SUPE_794_1": 0.0, "48_3,97_794_1": 1.0, "49_EUR_794_1": 0.0, "50_DCH&BAIN_794_1": 0.0, "51_B_794_1": 1.0, "52_ORAN/PA_794_1": 0.0, "53_LPM_794_1": 0.3333333333333333, "54_2,93_794_1": 0.5, "55_B_794_1": 0.0, "56_EUR_794_1": 0.3333333333333333, "57_PH_794_1": 0.0, "58_2PL_794_1": 0.0, "59_BLANC_794_1": 0.0, "60_LABELL_794_1": 0.5, "61_ART#_794_1": 0.25, "62_TEL_794_1": 0.0, "63_ST_794_1": 0.0, "64_D'ANGELY_794_1": 0.0, "65_JEAN_794_1": 0.0, "66_17400_794_1": 0.0, "67_L'AUMONERIE_794_1": 0.09090909090909091, "68_ZAC_794_1": 1.0, "69_DE_794_1": 0.0, "70_ENTREPRISE_794_1": 0.0, "71_INDEPENDANTE_794_1": 0.0, "72_JAYACO_794_1": 0.0, "73_SAS_794_1": 0.0, "0_MERCI_651_2": 0.2, "1_DE_651_2": 0.0, "2_VOTRE_651_2": 0.0, "3_VISITE_651_2": 0.0, "4_:_651_2": 1.0, "5_RCS_651_2": 0.0, "6_503_651_2": 0.0, "7_869_651_2": 0.0, "8_547_651_2": 0.0, "9_:_651_2": 1.0, "10_TEL_651_2": 0.0, "11_46_651_2": 0.0, "12_05_651_2": 0.0, "13_44_651_2": 0.0, "14_92_651_2": 0.0, "15_78_651_2": 0.0, "16_20%_651_2": 0.0, "17_\u20ac18.33_651_2": 0.16666666666666666, "18_HT_651_2": 0.0, "19_\u20ac3.67_651_2": 0.2, "20_\u20ac22.00_651_2": 0.16666666666666666, "21_TTC_651_2": 0.6666666666666666, "22_20%_651_2": 0.0, "23_TVA_651_2": 0.0, "24_20%_651_2": 0.0, "0_33,740_receipt_00146_0": 0.0, "1_Service_receipt_00146_0": 0.0, "2_Sub_receipt_00146_0": 0.0, "3_Total_receipt_00146_0": 0.0, "4_482,000_receipt_00146_0": 0.14285714285714285, "5_BIBIMBAB_receipt_00146_0": 0.0, "6_GOCHUJANG_receipt_00146_0": 0.0, "7_85,000_receipt_00146_0": 0.0, "8_1_receipt_00146_0": 0.0, "9_MAKOLI_receipt_00146_0": 0.0, "10_120,000_receipt_00146_0": 0.0, "11_1_receipt_00146_0": 0.0, "12_JAP_receipt_00146_0": 0.0, "13_CHAE_receipt_00146_0": 0.0, "14_1_receipt_00146_0": 0.0, "15_105,000_receipt_00146_0": 0.0, "16_SOONDUBU_receipt_00146_0": 0.0, "17_CHIGE_receipt_00146_0": 0.0, "18_1_receipt_00146_0": 0.0, "19_75,000_receipt_00146_0": 0.0, "20_YANG_receipt_00146_0": 0.0, "21_YUM_receipt_00146_0": 0.6666666666666666, "22_GUI_receipt_00146_0": 0.6666666666666666, "23_97,000_receipt_00146_0": 0.0, "24_1_receipt_00146_0": 1.0, "0_Less_receipt_00371_0": 0.0, "1_Ice_receipt_00371_0": 0.0, "2_70%_receipt_00371_0": 0.0, "3_20,000_receipt_00371_0": 0.16666666666666666, "4_@20,000_receipt_00371_0": 0.2857142857142857, "5_Milk_receipt_00371_0": 0.25, "6_Tea_receipt_00371_0": 0.0, "7_S-Hazelnut_receipt_00371_0": 0.2, "8_1X_receipt_00371_0": 1.0, "9_25%_receipt_00371_0": 0.3333333333333333, "10_22,000_receipt_00371_0": 0.0, "11_@22,000_receipt_00371_0": 0.14285714285714285, "12_Macchiat_receipt_00371_0": 0.25, "13_S-Ovaltine_receipt_00371_0": 0.2, "14_1X_receipt_00371_0": 1.0, "0_0004_455_1": 0.0, "1_003_455_1": 0.0, "2_000090_455_1": 0.16666666666666666, "3_28/02/2017_455_1": 0.1, "4_12:01:25_455_1": 0.125, "5_CB_455_1": 1.0, "6_EMV_455_1": 0.3333333333333333, "7_SANS_455_1": 0.0, "8_CONTACT_455_1": 0.0, "9_EUR_455_1": 0.0, "10_7.15\u20ac_455_1": 0.4, "11_AITICLE(S)_455_1": 0.0, "12_4_455_1": 0.0, "13_TOTAL_455_1": 0.0, "14_A._455_1": 1.0, "15_PAYER_455_1": 0.0, "16_7.15\u20ac_455_1": 0.4, "17_*VACHE_455_1": 0.16666666666666666, "18_BOIRE_455_1": 0.0, "19_A_455_1": 0.0, "20_VANI_455_1": 0.75, "21_1.99\u20ac_455_1": 0.6, "22_*NOUILI_455_1": 0.7142857142857143, "23_ES_455_1": 0.0, "24_JAP.POUL._455_1": 0.1111111111111111, "25_1.92\u20ac_455_1": 0.4, "26_*DESS.F_455_1": 0.2857142857142857, "27_OMM._455_1": 0.5, "28_FRAI.CRF_455_1": 0.25, "29_0.92\u20ac_455_1": 0.4, "30_*300G_455_1": 0.4, "31_ACHIS_455_1": 0.2, "32_PARHEN_455_1": 0.16666666666666666, "33_2.32\u20ac_455_1": 0.4, "34_QTE_455_1": 0.0, "35_DESCRIPTION_455_1": 0.5454545454545454, "36_MONTANT_455_1": 0.14285714285714285, "0_MEGA_receipt_00787_1": 0.75, "1_Discount_receipt_00787_1": 0.5, "2_742-_receipt_00787_1": 1.0, "3_KONGKEE_receipt_00787_1": 0.2857142857142857, "4_TOFU_receipt_00787_1": 0.75, "5_JEPUN_receipt_00787_1": 0.2, "6_7,420_receipt_00787_1": 0.6, "7_7,420_receipt_00787_1": 0.6, "8_1X_receipt_00787_1": 1.0, "9_MEGA_receipt_00787_1": 0.75, "10_Discount_receipt_00787_1": 0.375, "11_1,489-_receipt_00787_1": 1.0, "12_TIMUN_receipt_00787_1": 0.6, "13_JEPANG_receipt_00787_1": 0.3333333333333333, "14_14,894_receipt_00787_1": 0.6666666666666666, "15_0.482X_receipt_00787_1": 1.0, "16_30,900_receipt_00787_1": 0.3333333333333333, "17_MEGA_receipt_00787_1": 0.5, "18_Discount_receipt_00787_1": 0.125, "19_240-_receipt_00787_1": 0.25, "20_PM_receipt_00787_1": 1.0, "21_CABE_receipt_00787_1": 0.25, "22_HIJAU_receipt_00787_1": 0.6, "23_CURA_receipt_00787_1": 0.25, "24_2,400_receipt_00787_1": 0.6, "25_0.064X_receipt_00787_1": 0.6666666666666666, "26_37,500_receipt_00787_1": 0.3333333333333333, "27_MEGA_receipt_00787_1": 0.5, "28_Discount_receipt_00787_1": 0.125, "29_2,740 -_receipt_00787_1": 0.42857142857142855, "30_GOCUJANG_receipt_00787_1": 0.5, "31_H.200G_receipt_00787_1": 0.5, "32_27,400_receipt_00787_1": 0.3333333333333333, "33_1X_receipt_00787_1": 1.0, "34_27,400_receipt_00787_1": 0.3333333333333333, "35_MEGA_receipt_00787_1": 0.25, "36_Discount_receipt_00787_1": 0.125, "37_6,760-_receipt_00787_1": 0.5, "38_SIKAT_receipt_00787_1": 0.8, "39_BOTOL/BSC_receipt_00787_1": 0.1111111111111111, "40_67,600_receipt_00787_1": 0.5, "41_1X_receipt_00787_1": 1.0, "42_67,600_receipt_00787_1": 0.16666666666666666, "43_MEGA_receipt_00787_1": 0.75, "44_Discount_receipt_00787_1": 0.125, "45_2,190-_receipt_00787_1": 0.3333333333333333, "46_TAM_receipt_00787_1": 1.0, "47_424_receipt_00787_1": 1.0, "48_BUFFER_receipt_00787_1": 0.16666666666666666, "49_219_receipt_00787_1": 1.0, "50_21,900_receipt_00787_1": 0.6666666666666666, "51_1X_receipt_00787_1": 1.0, "52_21,900_receipt_00787_1": 0.16666666666666666, "0_1_receipt_00770_0": 0.0, "1_67000_receipt_00770_0": 0.0, "2_67000_receipt_00770_0": 0.0, "3_Night_receipt_00770_0": 0.2, "4_Soybean_receipt_00770_0": 0.0, "5_cream_receipt_00770_0": 0.2, "0_:_355_0": 2.0, "1_Tel_355_0": 0.0, "2_17000_355_0": 0.0, "3_ROCHELLE_355_0": 0.0, "4_SCIERIE_355_0": 0.14285714285714285, "5_33_355_0": 0.0, "6_RUE_355_0": 0.0, "7_DE_355_0": 0.0, "8_LA_355_0": 0.0, "9_CRF-CITY_355_0": 0.0, "10_LA_355_0": 0.0, "11_ROCHELLE_355_0": 0.0, "0_7.57\u20ac_213_2": 0.4, "1_BLANC_213_2": 0.0, "2_PINEAU_213_2": 0.0, "3_MONR._213_2": 0.2, "4_MELON_213_2": 0.2, "5_MOYEN_213_2": 0.4, "6_1.65\u20ac_213_2": 0.4, "7_*PCE_213_2": 0.25, "8_0.99\u20ac_213_2": 0.4, "9_BETTERAVE_213_2": 0.0, "10_250G_213_2": 0.25, "11_*PCE_213_2": 0.25, "12_1.60\u20ac_213_2": 0.4, "13_*PAIN_213_2": 0.6, "14_MAIS_213_2": 0.75, "15_CRF_213_2": 0.3333333333333333, "16_*NECTA.JAUNE_213_2": 0.08333333333333333, "17_1.08\u20ac_213_2": 0.4, "18_GROS_213_2": 0.0, "19_*LAIT_213_2": 0.0, "20_ECREME_213_2": 0.16666666666666666, "21_X6_213_2": 0.5, "22_CRF_213_2": 0.0, "23_5.16\u20ac_213_2": 0.4, "24_0.85\u20ac_213_2": 0.4, "25_EXTRA_213_2": 0.0, "26_MOEL_213_2": 0.25, "27_*HARRY_213_2": 0.16666666666666666, "28_'S_213_2": 1.0, "29_*HARICOT_213_2": 0.25, "30_2.57\u20ac_213_2": 0.4, "31_BEURRE_213_2": 0.0, "32_1/2_213_2": 1.0, "33_2.84\u20ac_213_2": 0.4, "34_ORGE_213_2": 0.0, "35_*GALETTES_213_2": 0.2222222222222222, "36_2.02\u20ac_213_2": 0.4, "37_*GALETTE_213_2": 0.0, "38_QUINOA_213_2": 0.0, "39_TOM_213_2": 0.3333333333333333, "40_*FROMAGE_213_2": 0.25, "41_1.52\u20ac_213_2": 0.4, "42_DE_213_2": 0.0, "43_BREBIS_213_2": 0.0, "44_1.50\u20ac_213_2": 0.4, "45_RAPE_213_2": 0.0, "46_*EMMENTAL_213_2": 1.0, "47_CRF_213_2": 0.3333333333333333, "48_0.96\u20ac_213_2": 0.4, "49_*COURGETTE_213_2": 0.0, "50_2.22\u20ac_213_2": 0.2, "51_*CORDON_213_2": 0.14285714285714285, "52_BLEU_213_2": 0.25, "53_DINDE_213_2": 0.0, "54_0.75\u20ac_213_2": 0.4, "55_*CONCOMBRE_213_2": 0.0, "56_PIECE_213_2": 0.0, "0_QTE_185_0": 0.6666666666666666, "1_MONTANT_185_0": 0.14285714285714285, "2_DESCRIPTION_185_0": 0.0, "3_:_185_0": 1.0, "4_Tel_185_0": 0.0, "5_ORLEANS_185_0": 0.0, "6_45000_185_0": 0.0, "7_1,_185_0": 1.0, "8_GRENIER_185_0": 0.0, "9_SEL_185_0": 0.0, "10_DU_185_0": 0.5, "11_A_185_0": 0.0, "12_RUE_185_0": 0.0, "13_ORLEANS_185_0": 0.0, "14_CARREFOUR_185_0": 0.0, "15_CITY_185_0": 0.0, "0_BIENTOT_560_1": 0.0, "1_0007_560_1": 0.0, "2_004_560_1": 0.0, "3_000554_560_1": 0.0, "4_06/07/2017_560_1": 0.0, "5_19:22:33_560_1": 0.0, "6_CB_560_1": 0.0, "7_EMV_560_1": 0.0, "8_SANS_560_1": 0.0, "9_CONTACT_560_1": 0.0, "10_EUR_560_1": 0.0, "11_2.90\u20ac_560_1": 0.4, "12_2_560_1": 0.0, "13_ARTICLE_560_1": 0.0, "14_(S)_560_1": 0.6666666666666666, "15_TOTAL_560_1": 0.0, "16_A_560_1": 0.0, "17_PAYER_560_1": 0.0, "18_2.90\u20ac_560_1": 0.4, "19_*PET_560_1": 0.25, "20_6X1.5L_560_1": 0.3333333333333333, "21_EAU_560_1": 0.3333333333333333, "22_SCE_560_1": 0.0, "23_C_560_1": 1.0, "24_1.14e_560_1": 0.2, "25_*1L_560_1": 0.6666666666666666, "26_LT_560_1": 1.0, "27_EC_560_1": 0.5, "28_MATIN_560_1": 0.0, "29_LEG_560_1": 0.0, "30_1.76\u20ac_560_1": 0.4, "31_DESCRIPTION_560_1": 0.0, "32_QTE_560_1": 0.3333333333333333, "33_NONTANT_560_1": 0.0, "0_TOTAL_receipt_00386_1": 0.0, "1_108,968_receipt_00386_1": 0.14285714285714285, "2_PB1_receipt_00386_1": 0.3333333333333333, "3_61,680_receipt_00386_1": 0.0, "4_Charge_receipt_00386_1": 0.0, "5_Service_receipt_00386_1": 0.0, "6_1,028,000_receipt_00386_1": 0.0, "7_SUBTTL_receipt_00386_1": 0.16666666666666666, "8_988,000_receipt_00386_1": 0.5714285714285714, "9_FOOD_receipt_00386_1": 0.75, "10_200gr_receipt_00386_1": 0.6, "11_189,000_receipt_00386_1": 0.0, "12_STEAK_receipt_00386_1": 0.0, "13_MARBLED_receipt_00386_1": 0.42857142857142855, "14_SIRLOIN_receipt_00386_1": 0.0, "15_1_receipt_00386_1": 0.0, "16_315,000_receipt_00386_1": 0.0, "17_KALBI_receipt_00386_1": 0.2, "18_2-3_receipt_00386_1": 1.0, "19_PLATTER_receipt_00386_1": 0.0, "20_1_receipt_00386_1": 0.0, "21_95,000_receipt_00386_1": 0.3333333333333333, "22_CHAPJEA_receipt_00386_1": 0.14285714285714285, "23_1_receipt_00386_1": 1.0, "24_PLATTER_receipt_00386_1": 0.0, "25_4-5_receipt_00386_1": 0.3333333333333333, "26_389,000_receipt_00386_1": 0.14285714285714285, "27_FOR_receipt_00386_1": 0.3333333333333333, "28_WAKI_receipt_00386_1": 0.75, "29_1_receipt_00386_1": 1.0, "30_BEVERAGE_receipt_00386_1": 0.0, "31_40,000_receipt_00386_1": 0.0, "32_30,000_receipt_00386_1": 0.0, "33_OCHA_receipt_00386_1": 1.0, "34_3_receipt_00386_1": 1.0, "35_OCHA_receipt_00386_1": 0.0, "36_10,000_receipt_00386_1": 0.0, "37_1_receipt_00386_1": 0.0, "38_HOT_receipt_00386_1": 0.6666666666666666, "0_CIMB_receipt_00347_1": 1.0, "1_VISA_receipt_00347_1": 1.0, "2_347,655_receipt_00347_1": 1.0, "3_TOTAL_receipt_00347_1": 0.0, "4_347,655_receipt_00347_1": 0.2857142857142857, "5_PB1_receipt_00347_1": 1.0, "6_10%_receipt_00347_1": 1.0, "7_31,605_receipt_00347_1": 0.16666666666666666, "8_Charge_receipt_00347_1": 0.3333333333333333, "9_7,5%_receipt_00347_1": 1.0, "10_Service_receipt_00347_1": 0.14285714285714285, "11_22,050_receipt_00347_1": 0.16666666666666666, "12_SUBTOTAL_receipt_00347_1": 0.5, "13_294,000_receipt_00347_1": 0.8571428571428571, "0_A_458_1": 0.0, "1_BIENTOT_458_1": 0.0, "2_MERCI_458_1": 0.0, "3_DE_458_1": 0.0, "4_VOTRE_458_1": 0.0, "5_VISITE_458_1": 0.0, "6_0002_458_1": 0.25, "7_003_458_1": 0.0, "8_000212_458_1": 0.0, "9_04/03/2017_458_1": 0.0, "10_19:37:13_458_1": 0.0, "11_CB_458_1": 0.0, "12_EMV_458_1": 0.0, "13_SANS_458_1": 0.0, "14_CONTACT_458_1": 0.0, "15_EUR_458_1": 0.0, "16_11.53\u20ac_458_1": 0.3333333333333333, "17_2_458_1": 0.0, "18_(S)_458_1": 0.6666666666666666, "19_AITICLE_458_1": 0.14285714285714285, "20_TOTAL_458_1": 0.0, "21_A_458_1": 1.0, "22_PAYER_458_1": 0.0, "23_11.53\u20ac_458_1": 0.3333333333333333, "24_CAE_458_1": 1.0, "25_*75_458_1": 0.6666666666666666, "26_ANJ_458_1": 0.3333333333333333, "27_RSE_458_1": 0.0, "28_MDD_458_1": 1.0, "29_4.15\u20ac_458_1": 0.4, "30_*200G_458_1": 0.4, "31_SCHOKOBONS_458_1": 0.1, "32_KI_458_1": 0.5, "33_3.12\u20ac_458_1": 0.4, "34_VANIL.PECAN_458_1": 0.2727272727272727, "35_*900ML_458_1": 0.6666666666666666, "36_4.26\u20ac_458_1": 0.4, "0_Tunai_receipt_00406_0": 0.2, "1_6.000_receipt_00406_0": 0.2, "2_6.000_receipt_00406_0": 0.0, "3_Total_receipt_00406_0": 0.0, "4_-_receipt_00406_0": 1.0, "5_Pajak_receipt_00406_0": 0.0, "6_6.000_receipt_00406_0": 0.6, "7_Subtotal_receipt_00406_0": 0.125, "8_6.000_receipt_00406_0": 0.2, "9_6.000_receipt_00406_0": 0.4, "10_1x_receipt_00406_0": 1.0, "11_330_receipt_00406_0": 0.6666666666666666, "12_Greentea_receipt_00406_0": 0.0, "13_Nu_receipt_00406_0": 0.5, "0_MERCI_99_1": 0.0, "1_DE_99_1": 0.0, "2_VOTRE_99_1": 0.0, "3_VISITE_99_1": 0.0, "4_002_99_1": 0.0, "5_0003_99_1": 0.0, "6_000223_99_1": 0.0, "7_10/01/2017_99_1": 0.0, "8_14:20:04_99_1": 0.0, "9_Votre_99_1": 0.0, "10_Monnaie_99_1": 0.0, "11_-17.00\u20ac_99_1": 0.2857142857142857, "12_ESPECES_99_1": 0.0, "13_EUR_99_1": 0.0, "14_20.21\u20ac_99_1": 0.3333333333333333, "15_(S)_99_1": 0.6666666666666666, "16_2_99_1": 0.0, "17_ARTICLE_99_1": 0.0, "18_TOTAL_99_1": 0.8, "19_A_99_1": 2.0, "20_PAYER_99_1": 0.0, "21_3.21\u20ac_99_1": 0.4, "22_*HILKA_99_1": 0.0, "23_HCX_99_1": 0.3333333333333333, "24_DAIM_99_1": 0.5, "25_2.05\u20ac_99_1": 0.4, "26_*GENOISE_99_1": 0.375, "27_FRAMBOISE_99_1": 0.1111111111111111, "28_1.16\u20ac_99_1": 0.0, "29_QTE_99_1": 1.0, "30_DESCRIPTION_99_1": 0.0, "31_MONTANT_99_1": 0.14285714285714285, "0_compte_90_1": 0.0, "1_Carrefour._90_1": 0.0, "2_votre_90_1": 0.0, "3_fidelite_90_1": 0.0, "4_sur_90_1": 0.0, "5_auriez_90_1": 0.0, "6_cumule_90_1": 0.0, "7_1.50\u20ac_90_1": 0.0, "8_Si_90_1": 0.0, "9_fidelite,_90_1": 0.0, "10_carte_90_1": 0.0, "11_vous_90_1": 0.0, "12_aviez_90_1": 0.0, "13_CARTE_90_1": 0.0, "14_BANCAIRE_90_1": 0.0, "15_EMV_90_1": 0.0, "16_EUR_90_1": 0.0, "17_5.32\u20ac_90_1": 0.0, "18_AITICLE(S)_90_1": 0.1, "19_6.94\u20ac_90_1": 0.4, "20_TOTAL_90_1": 0.0, "21_A_90_1": 0.0, "22_PAYER_90_1": 0.0, "23_5_90_1": 0.0, "24_*TERRIIE_90_1": 0.25, "25_CANARD_90_1": 0.0, "26_CRF_90_1": 0.0, "27_2.37\u20ac_90_1": 0.6, "28_1.47\u20ac_90_1": 0.4, "29_*HINI_90_1": 0.2, "30_CANARD_90_1": 0.0, "31_MIE_90_1": 0.0, "32_X_90_1": 0.0, "33_8_90_1": 0.0, "34_*KIRI_90_1": 0.2, "35_(REME_90_1": 0.2, "36_0.55\u20ac_90_1": 0.4, "37_*BAGUEITE_90_1": 0.2222222222222222, "38_0.84\u20ac_90_1": 0.4, "39_430G_90_1": 0.0, "40_MIE_90_1": 0.3333333333333333, "41_3.25\u20ac_90_1": 0.0, "42_*500G_90_1": 0.6, "43_FAIN_90_1": 0.5, "44_DE_90_1": 0.5, "0_0_receipt_00725_1": 0.0, "1_CASH_receipt_00725_1": 0.0, "2_72,500_receipt_00725_1": 0.0, "0_5,001_receipt_00668_1": 0.4, "1_Change:_receipt_00668_1": 0.42857142857142855, "2_94,999_receipt_00668_1": 0.6666666666666666, "3_[94,999]_receipt_00668_1": 0.0, "4_~ CASH_receipt_00668_1": 0.3333333333333333, "5_GRAND_receipt_00668_1": 0.0, "6_TOTAL_receipt_00668_1": 0.0, "7_8,636_receipt_00668_1": 0.2, "8_RESTAURANT_receipt_00668_1": 0.0, "9_TAX_receipt_00668_1": 0.6666666666666666, "10_86,363_receipt_00668_1": 0.16666666666666666, "11_SUB._receipt_00668_1": 0.75, "12_TOTAL_receipt_00668_1": 0.0, "13_10,909_receipt_00668_1": 0.16666666666666666, "14_HOT_receipt_00668_1": 0.0, "15_1_receipt_00668_1": 1.0, "16_OCHA_receipt_00668_1": 0.5, "17_12,727_receipt_00668_1": 0.3333333333333333, "18_1_receipt_00668_1": 1.0, "19_SKEWERED_receipt_00668_1": 0.125, "20_TOFU_receipt_00668_1": 0.0, "21_ROLL_receipt_00668_1": 0.0, "22_13,636_receipt_00668_1": 0.16666666666666666, "23_EBI_receipt_00668_1": 0.0, "24_TEMPURA_receipt_00668_1": 0.0, "25_1_receipt_00668_1": 2.0, "26_49,091_receipt_00668_1": 0.3333333333333333, "27_1_receipt_00668_1": 1.0, "28_BEEF_receipt_00668_1": 0.0, "29_CURRYRICE_receipt_00668_1": 0.1111111111111111, "0_QTE_109_0": 1.0, "1_DESCRIPTION_109_0": 0.0, "2_MONTANT_109_0": 0.2857142857142857, "3_:_109_0": 1.0, "4_Tel_109_0": 0.0, "5_17000_109_0": 0.0, "6_LA_109_0": 0.0, "7_ROCHELLE_109_0": 0.0, "8_33_109_0": 0.0, "9_RUE_109_0": 0.0, "10_DE_109_0": 0.0, "11_LA_109_0": 0.5, "12_SCIERIE_109_0": 0.14285714285714285, "13_ROCHELLE_109_0": 0.0, "14_CRF-CITY_109_0": 0.0, "15_LA_109_0": 0.5, "0_A_245_3": 0.0, "1_BIENTOT_245_3": 0.0, "0_BIENTOT_48_2": 0.0, "1_MERCI_48_2": 0.0, "2_DE_48_2": 0.0, "3_VOTRE_48_2": 0.0, "4_VISITE_48_2": 0.0, "5_03/02/2017_48_2": 0.0, "6_0007_48_2": 0.0, "7_000407_48_2": 0.0, "8_18:49:24_48_2": 0.0, "9_002_48_2": 0.0, "10_EUR_48_2": 0.0, "11_19.26\u20ac_48_2": 0.3333333333333333, "12_CARTE_48_2": 0.0, "13_BANCAIRE_48_2": 0.125, "14_EMV_48_2": 0.3333333333333333, "0_CHANGE:_receipt_00577_1": 0.0, "1_0_receipt_00577_1": 0.0, "2_20,000_receipt_00577_1": 0.0, "3_Cash:_receipt_00577_1": 0.0, "4_Total:_receipt_00577_1": 0.0, "5_20,000_receipt_00577_1": 0.0, "6_Subtotal:_receipt_00577_1": 0.0, "7_20,000_receipt_00577_1": 0.0, "8_PB1:_receipt_00577_1": 0.25, "9_0_receipt_00577_1": 0.0, "0_ _receipt_00739_0": 1.0, "0_129_682_0": 0.0, "1_03/02/17_682_0": 0.0, "2_LC_682_0": 1.0, "3_20:02_682_0": 0.0, "4_16_682_0": 0.0, "5_281069_682_0": 0.0, "6_Operateur_682_0": 0.8888888888888888, "7_Date_682_0": 0.25, "8_Heure_682_0": 0.0, "9_TPV_682_0": 0.6666666666666666, "10_Ticket_682_0": 0.0, "11_:_682_0": 1.0, "12_Tel_682_0": 0.0, "13_05_682_0": 0.0, "14_46_682_0": 1.0, "15_93_682_0": 0.5, "16_32_682_0": 0.0, "17_70_682_0": 1.0, "18_17102_682_0": 0.8, "19_Saintes_682_0": 0.0, "20_Cours_682_0": 0.0, "21_Marechal_682_0": 0.125, "22_/_682_0": 1.0, "23_Leclerc_682_0": 0.42857142857142855, "24_BP_682_0": 0.5, "25_56_682_0": 0.0, "26_Saintes_682_0": 0.0, "27_Coop_682_0": 0.0, "28_Atlantique_682_0": 0.0, "0_BIENTOT_230_2": 0.0, "1_visite_230_2": 0.0, "2_Vous_230_2": 0.0, "3_remercie_230_2": 0.0, "4_de_230_2": 0.0, "5_votre_230_2": 0.0, "6_CARREFOUR_230_2": 0.0, "7_MARKET_230_2": 0.0, "8_AYTRE_230_2": 0.0, "0_23,328_receipt_00429_1": 0.0, "1_TAX_receipt_00429_1": 0.0, "2_17,280_receipt_00429_1": 0.0, "3_Charge_receipt_00429_1": 0.0, "4_Service_receipt_00429_1": 0.0, "5_216,000_receipt_00429_1": 0.0, "6_SUBTTL_receipt_00429_1": 0.16666666666666666, "7_184,000_receipt_00429_1": 0.0, "8_FOOD_receipt_00429_1": 0.0, "9_CHIPS_receipt_00429_1": 0.0, "10_FISH_receipt_00429_1": 0.0, "11_&_receipt_00429_1": 1.0, "12_DANISH_receipt_00429_1": 0.0, "13_1_receipt_00429_1": 0.0, "14_99,000_receipt_00429_1": 0.0, "15_CHIPS_receipt_00429_1": 0.0, "16_FISH_receipt_00429_1": 0.0, "17_&_receipt_00429_1": 1.0, "18_SALTED_receipt_00429_1": 0.0, "19_EGG_receipt_00429_1": 0.0, "20_1_receipt_00429_1": 0.0, "21_85,000_receipt_00429_1": 0.0, "22_CALAMARI_receipt_00429_1": 0.125, "23_1_receipt_00429_1": 0.0, "24_FRIED_receipt_00429_1": 0.0, "25_32,000_receipt_00429_1": 0.0, "26_32,000_receipt_00429_1": 0.0, "27_BLACKCURRANT_receipt_00429_1": 0.0, "28_1_receipt_00429_1": 1.0, "0_BIENTOT_1_1": 0.0, "1_MERCI_1_1": 0.0, "2_DE_1_1": 0.0, "3_VOTRE_1_1": 0.0, "4_VISITE_1_1": 0.0, "5_0004_1_1": 1.0, "6_003_1_1": 0.0, "7_000146_1_1": 0.0, "8_28/02/2017_1_1": 0.1, "9_12:33:20_1_1": 0.0, "10_SANS_1_1": 0.0, "11_CB_1_1": 0.5, "12_EMV_1_1": 0.3333333333333333, "13_CONTACT_1_1": 0.0, "14_EUR_1_1": 0.0, "15_5.15\u20ac_1_1": 0.4, "16_(S)_1_1": 0.6666666666666666, "17_AITICLE_1_1": 0.2857142857142857, "18_TOTAL_1_1": 0.2, "19_A_1_1": 1.0, "20_PAYER_1_1": 0.0, "21_5.15\u20ac_1_1": 0.4, "22_*350G_1_1": 0.4, "23_IT_1_1": 1.0, "24_SALE_1_1": 0.0, "25_LENT._1_1": 0.0, "26_3.34\u20ac_1_1": 0.4, "27_*140G_1_1": 0.4, "28_1ARTE_1_1": 0.4, "29_POMMES_1_1": 0.3333333333333333, "30_1.81\u20ac_1_1": 0.4, "31_DESCRIPTION_1_1": 0.0, "32_QTE_1_1": 1.0, "33_MONTANT_1_1": 0.2857142857142857, "0_66,000_receipt_00542_0": 0.0, "1_Total_receipt_00542_0": 0.0, "2_6,000_receipt_00542_0": 0.0, "3_Pb1_receipt_00542_0": 0.3333333333333333, "4_60,000_receipt_00542_0": 0.0, "5_Subtotal_receipt_00542_0": 0.0, "6_60,000_receipt_00542_0": 0.0, "7_SI_receipt_00542_0": 1.0, "8_3_receipt_00542_0": 0.0, "9_EKO_receipt_00542_0": 0.0, "0_BIENTOT_778_1": 0.2857142857142857, "1_A_778_1": 0.0, "2_MERCI_778_1": 0.2, "3_DE_778_1": 1.0, "4_VOTRE_778_1": 0.0, "5_VISITE_778_1": 0.0, "6_A_778_1": 1.0, "7_HORS_778_1": 0.0, "8_TAXES_778_1": 0.0, "9_A_778_1": 0.0, "10_TVA_778_1": 0.0, "11_10%_778_1": 0.0, "12_20.91_778_1": 0.0, "13_2.09_778_1": 0.25, "14_TVA_778_1": 0.6666666666666666, "15_10%_778_1": 0.0, "16_LUIU_778_1": 1.0, "17_CEESE_778_1": 1.0, "18_CAVE_778_1": 0.75, "19_4.00_778_1": 0.0, "20_4.00_778_1": 0.25, "21_ES_778_1": 0.5, "22_CHOCOL_778_1": 0.0, "23_POIRE_778_1": 0.0, "24_4.00_778_1": 0.0, "25_4.00_778_1": 0.0, "26_4.00_778_1": 0.0, "27_CHOCOLAT_778_1": 0.0, "28_4.00_778_1": 0.0, "29_2_778_1": 0.0, "30_CHOCOLATS_778_1": 0.0, "31_EPAIS_778_1": 0.2, "32_NATUR_778_1": 0.0, "33_4.00_778_1": 0.0, "0_Rp_receipt_00048_1": 0.5, "1_(3%)_receipt_00048_1": 0.0, "2_SC_receipt_00048_1": 1.0, "3_1.950_receipt_00048_1": 0.4, "4_Rp_receipt_00048_1": 1.0, "5_(_receipt_00048_1": 3.0, "6_6.500_receipt_00048_1": 0.0, "7_PB1_receipt_00048_1": 0.3333333333333333, "8_10%)_receipt_00048_1": 0.0, "9_Rp_receipt_00048_1": 0.5, "10_65.000_receipt_00048_1": 0.16666666666666666, "11_Subtotal_receipt_00048_1": 0.0, "12_2_receipt_00048_1": 0.0, "13_15.000_receipt_00048_1": 0.0, "14_7.500_receipt_00048_1": 0.0, "15_Es_receipt_00048_1": 0.0, "16_Teh_receipt_00048_1": 1.0, "17_2_receipt_00048_1": 0.0, "18_4.500_receipt_00048_1": 0.8, "19_9.000_receipt_00048_1": 0.0, "20_Kecap_receipt_00048_1": 0.0, "21_Sambel_receipt_00048_1": 0.16666666666666666, "22_2_receipt_00048_1": 0.0, "23_7.000_receipt_00048_1": 0.4, "24_14.000_receipt_00048_1": 0.0, "25_Putih_receipt_00048_1": 0.6, "26_Nasi_receipt_00048_1": 0.0, "27_13.500_receipt_00048_1": 0.0, "28_27.000_receipt_00048_1": 0.16666666666666666, "29_2_receipt_00048_1": 0.0, "30_Crispy_receipt_00048_1": 0.0, "31_Jamur_receipt_00048_1": 0.6, "0_Vignette(s)_249_3": 0.0, "1_par_249_3": 0.0, "2_operation_249_3": 0.0, "3_Bravo_249_3": 0.0, "4_vous_249_3": 0.0, "5_cumule_249_3": 0.0, "6_avez_249_3": 0.0, "7_3.0_249_3": 0.0, "8_A_249_3": 0.0, "9_BIENTOT_249_3": 0.0, "10_Vous_249_3": 0.0, "11_remercie_249_3": 0.0, "12_de_249_3": 0.0, "13_votre_249_3": 0.0, "14_visite_249_3": 0.0, "15_CARREFOUR_249_3": 0.0, "16_MARKET_249_3": 0.0, "17_AYTRE_249_3": 0.0, "18_repris_249_3": 0.0, "19_echange_249_3": 0.0, "20_Solde_249_3": 0.0, "21_ni_249_3": 0.0, "22_ni_249_3": 0.0, "23_0109_249_3": 0.25, "24_006_249_3": 0.3333333333333333, "25_000014_249_3": 0.0, "26_14/01/2017_249_3": 0.0, "27_12:36:16_249_3": 0.0, "0_20,0%_653_2": 0.0, "1_5,58_653_2": 0.0, "2_0,93_653_2": 0.0, "3_B_653_2": 0.0, "4_TVA_653_2": 0.0, "5_de_653_2": 0.0, "6_5,5%_653_2": 0.25, "7_21,81_653_2": 0.2, "8_1,14_653_2": 0.25, "9_de_653_2": 0.0, "10_A_653_2": 0.0, "11_TVA_653_2": 0.0, "12_27,39_653_2": 0.0, "13_Carte_653_2": 0.0, "14_2,79_653_2": 0.5, "15_Gum_653_2": 0.0, "16_Box_653_2": 0.0, "17_B_653_2": 0.0, "18_Mentos_653_2": 0.0, "19_2,79_653_2": 0.0, "20_Mentos_653_2": 0.0, "21_B_653_2": 0.0, "22_Gum_653_2": 0.0, "23_Box_653_2": 0.0, "24_rouges_653_2": 0.0, "25_0,69_653_2": 0.25, "26_Betteraves_653_2": 0.0, "27_A_653_2": 0.0, "0_210,200_receipt_00727_1": 0.0, "1_TOTAL_receipt_00727_1": 0.0, "2_GRAND_receipt_00727_1": 0.0, "3_-10_receipt_00727_1": 0.3333333333333333, "4_Rounding_receipt_00727_1": 0.125, "5_19,110_receipt_00727_1": 0.0, "6_Tax_receipt_00727_1": 0.3333333333333333, "7_9,100_receipt_00727_1": 0.0, "8_Service_receipt_00727_1": 0.14285714285714285, "9_182,000_receipt_00727_1": 0.0, "10_Sub_receipt_00727_1": 0.3333333333333333, "11_Total_receipt_00727_1": 0.0, "12_35,000_receipt_00727_1": 0.0, "13_35,000_receipt_00727_1": 0.16666666666666666, "14_Soup_receipt_00727_1": 0.25, "15_Baso_receipt_00727_1": 0.0, "16_Ikan_receipt_00727_1": 0.0, "17_1x_receipt_00727_1": 0.5, "18_10,000_receipt_00727_1": 0.0, "19_30,000_receipt_00727_1": 0.16666666666666666, "20_Putih_receipt_00727_1": 0.0, "21_3x_receipt_00727_1": 0.5, "22_Nasi_receipt_00727_1": 0.0, "23_Cup_receipt_00727_1": 0.3333333333333333, "24_3_receipt_00727_1": 1.0, "25_*_receipt_00727_1": 1.0, "26_Chinese_receipt_00727_1": 0.14285714285714285, "27_20,000_receipt_00727_1": 0.0, "28_Tea_receipt_00727_1": 0.0, "29_1x_receipt_00727_1": 1.0, "30_20,000_receipt_00727_1": 0.0, "31_Capcai_receipt_00727_1": 0.3333333333333333, "32_49,000_receipt_00727_1": 0.0, "33_49,000_receipt_00727_1": 0.0, "34_Seafood_receipt_00727_1": 0.2857142857142857, "35_1x_receipt_00727_1": 1.0, "36_1x_receipt_00727_1": 1.0, "37_48,000_receipt_00727_1": 0.0, "38_48,000_receipt_00727_1": 0.0, "39_Goreng_receipt_00727_1": 0.16666666666666666, "40_Crispy_receipt_00727_1": 0.0, "41_Spicy_receipt_00727_1": 0.2, "42_Ayam_receipt_00727_1": 0.75, "0_1.42\u20ac_473_1": 0.4, "1_*LARDONS_473_1": 0.25, "2_NAT.CRF_473_1": 0.0, "3_X2_473_1": 0.5, "4_4.10\u20ac_473_1": 0.4, "5_PLT_473_1": 0.0, "6_BLC_473_1": 0.3333333333333333, "7_KG_473_1": 0.5, "8_PILONS_473_1": 0.0, "9_1.47\u20ac_473_1": 0.4, "10_BLC_473_1": 0.3333333333333333, "11_HARIC_473_1": 0.0, "12_CUIT_473_1": 1.0, "13_2.00\u20ac_473_1": 0.4, "14_*HAR.COCO_473_1": 0.0, "15_PL_473_1": 0.0, "16_7.16\u20ac_473_1": 0.4, "17_GRILLADE_473_1": 0.0, "18_VOLAILLE_473_1": 0.125, "19_2.00\u20ac_473_1": 0.4, "20_FOIE_473_1": 0.0, "21_11.23\u20ac_473_1": 0.3333333333333333, "22_DARNE_473_1": 0.0, "23_THON_473_1": 0.25, "24_BLANC_473_1": 0.0, "25_2.90\u20ac_473_1": 0.4, "26_*CERISE_473_1": 0.14285714285714285, "27_4.78\u20ac_473_1": 0.4, "28_A/0S_473_1": 0.25, "29_BF_473_1": 0.0, "30_CUISSE_473_1": 0.0, "31_0.85\u20ac_473_1": 0.6, "32_CARREFOUR_473_1": 0.0, "33_*BAGUETTE_473_1": 0.1111111111111111, "34_2.97\u20ac_473_1": 0.2, "35_*8X125G_473_1": 0.42857142857142855, "36_ACTIVIA_473_1": 0.0, "37_PAN_473_1": 0.6666666666666666, "38_3.30\u20ac_473_1": 0.4, "39_ATLANT_473_1": 0.0, "40_MILL_473_1": 0.25, "41_75_473_1": 0.5, "42_IGP_473_1": 1.0, "43_2.28\u20ac_473_1": 0.4, "44_*340G_473_1": 0.2, "45_CORNED_473_1": 0.0, "46_BEEF_473_1": 0.0, "47_2.66\u20ac_473_1": 0.4, "48_12XOEUF_473_1": 0.14285714285714285, "49_PL_473_1": 0.0, "50_AIR_473_1": 0.0, "51_CRF_473_1": 0.0, "52_3.10\u20ac_473_1": 0.4, "53_MOY.CRF_473_1": 0.2857142857142857, "54_100EUF.BIO_473_1": 0.1, "55_3.36\u20ac_473_1": 0.4, "56_*1/2_473_1": 0.5, "57_TRANC.THON_473_1": 0.2, "58_CRF_473_1": 0.0, "0_0,40_760_2": 0.25, "1_2,00_760_2": 0.0, "2_5_760_2": 0.0, "3_Art_760_2": 0.0, "4_x_760_2": 0.0, "5_KIWI_760_2": 0.0, "6_4,80_760_2": 0.0, "7_0,215_760_2": 0.2, "8_1,03_760_2": 0.0, "9_EPINARD_760_2": 0.0, "10_0,350_760_2": 0.2, "11_0,81_760_2": 0.0, "12_2,_760_2": 0.5, "13_30_760_2": 0.0, "14_OIGNON_760_2": 0.3333333333333333, "15_0,575_760_2": 0.8, "16_3,_760_2": 0.5, "17_2,24_760_2": 0.25, "18_90_760_2": 0.0, "19_POMMES_760_2": 0.0, "20_4,90_760_2": 0.25, "21_0,445_760_2": 0.4, "22_2,_760_2": 1.0, "23_18_760_2": 0.0, "24_ENDIVE_760_2": 0.0, "25_3,80_760_2": 0.0, "26_1,260_760_2": 0.8, "27_4,_760_2": 0.0, "28_79_760_2": 0.0, "29_CHOU_760_2": 0.0, "30_FLEUR_760_2": 0.0, "0_HOT_X51005447844_1": 0.0, "1_5.0_X51005447844_1": 0.3333333333333333, "2_5.00_X51005447844_1": 0.25, "3_0.00_X51005447844_1": 0.0, "4_(1-3)_X51005447844_1": 0.0, "5_1_X51005447844_1": 0.0, "6_(1-3)_X51005447844_1": 0.0, "7_Er_X51005447844_1": 0.0, "8_Pu_X51005447844_1": 0.0, "9_STIR_X51005447844_1": 0.0, "10_FRIED_X51005447844_1": 0.0, "11_0.00_X51005447844_1": 0.0, "12_16._X51005447844_1": 0.3333333333333333, "13_00_X51005447844_1": 0.0, "14_1_X51005447844_1": 0.0, "15_Dragon_X51005447844_1": 0.0, "16_(S)_X51005447844_1": 0.3333333333333333, "17_Chives_X51005447844_1": 0.0, "18_G._X51005447844_1": 0.5, "19_0.00_X51005447844_1": 0.0, "20_18._X51005447844_1": 0.3333333333333333, "21_00_X51005447844_1": 1.0, "22_1_X51005447844_1": 0.0, "23_(S)_X51005447844_1": 0.6666666666666666, "24_Beancurd_X51005447844_1": 0.0, "25_W_X51005447844_1": 1.0, "26_Dao_X51005447844_1": 0.0, "27_Gan_X51005447844_1": 0.0, "28_20.00_X51005447844_1": 0.0, "29_0.00_X51005447844_1": 0.0, "30_1_X51005447844_1": 0.0, "31_Ginger_X51005447844_1": 0.0, "32_(S)_X51005447844_1": 0.3333333333333333, "33_Clams_X51005447844_1": 0.0, "34_Steamed_X51005447844_1": 0.0, "35_42.00_X51005447844_1": 0.0, "36_0.00_X51005447844_1": 0.0, "37_42._X51005447844_1": 0.3333333333333333, "38_Cat_X51005447844_1": 0.0, "39_Fish_X51005447844_1": 0.0, "40_Red_X51005447844_1": 0.0, "41_QTY_X51005447844_1": 0.0, "42_DISC_X51005447844_1": 0.0, "43_(%)_X51005447844_1": 0.0, "44_(RM)_X51005447844_1": 0.0, "45_U/P_X51005447844_1": 1.0, "46_(RM)_X51005447844_1": 0.0, "47_Amt_X51005447844_1": 0.0, "48_ITEM_X51005447844_1": 0.0, "0_Article(+)_602_1": 0.0, "1_3_602_1": 0.0, "2_3_602_1": 0.0, "3_0,230_602_1": 0.4, "4_0,78_602_1": 0.0, "5_3,40_602_1": 0.25, "6_OIGNON_602_1": 0.0, "7_ROUGE_602_1": 0.0, "8_0,765_602_1": 0.2, "9_4,00_602_1": 0.25, "10_3,06_602_1": 0.25, "11_NOIRE_602_1": 0.0, "12_DE_602_1": 0.0, "13_CRI_602_1": 0.0, "14_MEE_602_1": 0.0, "15_0,475_602_1": 0.2, "16_2,57_602_1": 0.0, "17_5,40_602_1": 0.25, "18_POIVRON_602_1": 0.14285714285714285, "19_/kg_602_1": 0.3333333333333333, "20_kg_602_1": 0.5, "0_48.000_receipt_00024_1": 0.5, "1_Card_receipt_00024_1": 0.75, "2_Debet_receipt_00024_1": 0.2, "3_48.000_receipt_00024_1": 0.16666666666666666, "4_Total._receipt_00024_1": 0.5, "5_3_receipt_00024_1": 2.0, "6_Item:_receipt_00024_1": 0.8, "7_Total_receipt_00024_1": 0.4, "8_0_receipt_00024_1": 1.0, "9_x1_receipt_00024_1": 1.5, "10_0_receipt_00024_1": 2.0, "11_Bag_receipt_00024_1": 0.0, "12_Medium_receipt_00024_1": 0.16666666666666666, "13_6002-Plastic_receipt_00024_1": 0.25, "14_26.000_receipt_00024_1": 0.3333333333333333, "15_26.000_receipt_00024_1": 0.16666666666666666, "16_x1_receipt_00024_1": 1.0, "17_1032-Double_receipt_00024_1": 0.2727272727272727, "18_Cheddar_receipt_00024_1": 0.2857142857142857, "19_22.000_receipt_00024_1": 0.16666666666666666, "20_x1_receipt_00024_1": 1.0, "21_22.000_receipt_00024_1": 0.16666666666666666, "0_TICKET_620_2": 0.0, "1_A_620_2": 1.0, "2_CONSERVER_620_2": 0.0, "3_l'accueil._620_2": 0.2, "4_fidelite._620_2": 0.1111111111111111, "5_Voir_620_2": 0.75, "6_conditions_620_2": 0.0, "7_a_620_2": 0.0, "8_magasins_620_2": 0.25, "9_participant_620_2": 0.0, "10_programme_620_2": 0.4444444444444444, "11_U_620_2": 1.0, "12_au_620_2": 0.0, "13_dans_620_2": 0.0, "14_tous_620_2": 0.5, "15_les_620_2": 0.3333333333333333, "16_lendemain,_620_2": 0.1, "17_presentation_620_2": 0.08333333333333333, "18_de_620_2": 0.0, "19_Carte_620_2": 0.0, "20_U,_620_2": 1.0, "21_sur_620_2": 0.0, "22_votre_620_2": 0.4, "23_obtenus_620_2": 0.14285714285714285, "24_ce_620_2": 1.0, "25_jour,_620_2": 0.4, "26_seront_620_2": 0.0, "27_a_620_2": 0.0, "28_valoir_620_2": 0.16666666666666666, "29_des_620_2": 0.0, "30_Les_620_2": 0.0, "31_Carte_620_2": 0.0, "32_U_620_2": 1.0, "33_\u20ac_620_2": 1.0, "34_CARTE_620_2": 0.2, "35_5,89_620_2": 0.25, "36_VOTRE_620_2": 0.0, "37_NOUVEAU_620_2": 0.2857142857142857, "38_SOLDE_620_2": 0.0, "39_U_620_2": 1.0, "40_\u20ac_620_2": 1.0, "41_\u20ac_620_2": 1.0, "42_0,10_620_2": 0.25, "43_CARTE_620_2": 0.0, "44_U_620_2": 1.0, "45_OBTENUS_620_2": 0.2857142857142857, "46_VOS\u20ac_620_2": 1.0, "47_PRECEDENT_620_2": 0.1111111111111111, "48_5,79_620_2": 0.5, "49_SULDE_620_2": 0.2, "50_CARTE_620_2": 0.0, "51_U_620_2": 0.0, "52_VOTRE_620_2": 0.2, "53_\u20ac_620_2": 0.0, "54_\u20ac_620_2": 1.0, "55_21,91_620_2": 0.2, "56_ACHATS_620_2": 0.0, "57_MONTANT_620_2": 0.2857142857142857, "58_\u20ac_620_2": 1.0, "59_0,10_620_2": 0.5, "60_VISITE_620_2": 0.0, "61_0,10_620_2": 0.25, "62_GRACE_620_2": 0.0, "63_A_620_2": 1.0, "64_VOTRE_620_2": 0.0, "65_AVANTAGE_620_2": 0.25, "66_\u20ac_620_2": 1.0, "67_\u20ac_620_2": 1.0, "68_VOS_620_2": 1.0, "69_CARTE_620_2": 0.0, "70_U_620_2": 1.0, "71_ACHAT_620_2": 0.0, "72_\u20ac_620_2": 0.0, "73_8939XXXXX26753_620_2": 0.35714285714285715, "74_No_620_2": 0.5, "75_CARTE_620_2": 0.0, "0_0.20\u20ac_355_1": 0.4, "1_auriez_355_1": 0.0, "2_cumule_355_1": 0.0, "3_sur_355_1": 0.0, "4_la_355_1": 0.0, "5_fidelite,_355_1": 0.0, "6_aviez_355_1": 0.0, "7_carte_355_1": 0.0, "8_CB_355_1": 0.0, "9_EMV_355_1": 0.0, "10_SANS_355_1": 0.0, "11_CONTACT_355_1": 0.0, "12_EUR_355_1": 0.0, "13_15.57\u20ac_355_1": 0.3333333333333333, "14_ARTICLE(S)_355_1": 0.0, "15_15.57\u20ac_355_1": 0.3333333333333333, "16_TOTAL_355_1": 0.0, "17_A_355_1": 1.0, "18_PAYER_355_1": 0.0, "19_5.70\u20ac_355_1": 0.4, "20_*TABOULE_355_1": 0.125, "21_VOLAILLE_355_1": 0.125, "22_3.92\u20ac_355_1": 0.4, "23_*P.J.MULTIFRUITS_355_1": 0.25, "24_1L_355_1": 1.0, "25_2x_355_1": 1.0, "26_1.96_355_1": 0.5, "27_1.25_355_1": 0.25, "28_*COUPELLE_355_1": 0.0, "29_P/POIRE_355_1": 0.0, "30_2x_355_1": 1.0, "31_2.50\u20ac_355_1": 0.4, "32_2.17\u20ac_355_1": 0.4, "33_*500G_355_1": 0.2, "34_CAROT.RAPp.CRF_355_1": 0.21428571428571427, "35_FROM_355_1": 0.0, "36_FRAIS_355_1": 0.2, "37_1.28\u20ac_355_1": 0.4, "38_*4X100G_355_1": 0.2857142857142857, "39_QTE_355_1": 0.6666666666666666, "40_MONTANT_355_1": 0.2857142857142857, "41_DESCRIPTION_355_1": 0.0, "0_ _receipt_00110_0": 6.0, "0_:_444_1": 1.0, "1_Carte_444_1": 0.0, "2_EMV_444_1": 0.3333333333333333, "3_SANS_444_1": 0.0, "4_CONTACT_444_1": 0.0, "5_EUR_444_1": 0.0, "6_2.53\u20ac_444_1": 0.4, "7_TOTAL._444_1": 0.16666666666666666, "8_ALTICLE(S)_444_1": 0.1, "9_PAYER_444_1": 0.0, "10_2.532_444_1": 0.6, "11_BASMATI_444_1": 0.42857142857142855, "12_RIZ_444_1": 0.6666666666666666, "13_0.460kg_444_1": 0.14285714285714285, "14_2.95\u20ac/kg_444_1": 0.375, "15_x_444_1": 1.0, "16_*POMME_444_1": 0.3333333333333333, "17_CHANTECLERC_444_1": 0.09090909090909091, "18_1.36\u20ac_444_1": 0.0, "0_ _receipt_00573_0": 2.0, "0_ _receipt_00148_0": 8.0, "0_operation_237_2": 0.0, "1_par_237_2": 0.0, "2_Vignette(s)_237_2": 0.0, "3_cumule_237_2": 0.0, "4_avez_237_2": 0.0, "5_1.0_237_2": 0.0, "6_vous_237_2": 0.0, "7_Bravo_237_2": 0.0, "8_A_237_2": 0.0, "9_BIENTOT_237_2": 0.0, "10_votre_237_2": 0.0, "11_visite_237_2": 0.0, "12_remercie_237_2": 0.0, "13_de_237_2": 0.0, "14_Vous_237_2": 0.0, "15_AYTRE_237_2": 0.0, "16_MARKET_237_2": 0.0, "17_CARREFOUR_237_2": 0.0, "18_12:08:42_237_2": 0.0, "19_11/12/2016_237_2": 0.0, "20_003_237_2": 0.0, "21_000381_237_2": 0.0, "22_0110_237_2": 0.25, "0_(S)_60_1": 1.0, "1_ARTICLE_60_1": 0.0, "2_A_60_1": 0.0, "3_PAYER_60_1": 0.0, "4_23.30\u20ac_60_1": 0.3333333333333333, "5_12_60_1": 0.0, "6_TOTAL_60_1": 0.4, "7_1.05\u20ac_60_1": 0.4, "8_1.27\u20ac_60_1": 0.4, "9_NOI_60_1": 0.3333333333333333, "10_PT_60_1": 1.0, "11_BEUR.CHO_60_1": 0.0, "12_LT_60_1": 1.0, "13_EXTRA_60_1": 0.0, "14_0.69\u20ac_60_1": 0.4, "15_HARRY_60_1": 0.0, "16_'S_60_1": 1.0, "17_MOEL_60_1": 0.25, "18_0.98\u20ac_60_1": 0.4, "19_CHOCO_60_1": 0.6, "20_COOKIES_60_1": 0.14285714285714285, "21_TT_60_1": 1.0, "22_3.08\u20ac_60_1": 0.4, "23_BOURGUIGNON_60_1": 0.0, "24_W.SAUR_60_1": 0.3333333333333333, "25_BARQ_60_1": 0.25, "26_3.82\u20ac_60_1": 0.4, "27_300G_60_1": 0.25, "28_MOUSSAKA_60_1": 0.125, "29_0.85\u20ac_60_1": 0.4, "30_BISCOTT.CRF_60_1": 0.0, "31_300G_60_1": 0.25, "32_3.21\u20ac_60_1": 0.4, "33_RICOTTA_60_1": 0.0, "34_250G_60_1": 0.25, "35_TORT_60_1": 0.0, "36_2.67\u20ac_60_1": 0.4, "37_25_60_1": 0.5, "38_POCH_60_1": 1.0, "39_KRAFT_60_1": 0.0, "40_C4_60_1": 1.0, "41_1.20\u20ac_60_1": 0.4, "42_1/2_60_1": 0.3333333333333333, "43_RAVIOLI_60_1": 0.14285714285714285, "44_PUR_60_1": 0.0, "45_BF_60_1": 0.0, "46_3.48\u20ac_60_1": 0.4, "47_1/2_60_1": 0.3333333333333333, "48_AUBERGI_60_1": 0.0, "49_CONFIT_60_1": 0.16666666666666666, "50_1.00\u20ac_60_1": 0.4, "51_BAGUETTE_60_1": 0.0, "52_CRF_60_1": 0.0, "53_250_60_1": 0.0, "54_GR_60_1": 0.5, "0_A_18_1": 0.0, "1_BIENTOT_18_1": 0.0, "2_VISITE_18_1": 0.0, "3_DE_18_1": 0.0, "4_MERCI_18_1": 0.0, "5_VOTRE_18_1": 0.0, "6_0001_18_1": 0.0, "7_02/09/2016_18_1": 0.1, "8_11:56:32_18_1": 0.0, "9_000137_18_1": 0.0, "10_004_18_1": 0.0, "11_4.14\u20ac_18_1": 0.4, "12_CONTACT_18_1": 0.0, "13_EUR_18_1": 0.0, "14_EMV_18_1": 0.0, "15_SANS_18_1": 0.0, "16_CB_18_1": 0.0, "17_1_18_1": 0.0, "18_4.14\u20ac_18_1": 0.4, "19_ARTICLE(S)_18_1": 0.0, "20_A_18_1": 0.0, "21_PAYER_18_1": 0.0, "22_TOTAL_18_1": 0.2, "23_4.14\u20ac_18_1": 0.6, "24_SLDE_18_1": 0.0, "25_ROMA_18_1": 0.5, "26_JBN_18_1": 0.3333333333333333, "27_3206_18_1": 0.0, "28_MONTANT_18_1": 0.2857142857142857, "29_QTE_18_1": 0.0, "30_DESCRIPTION_18_1": 0.0, "0_QTE_207_0": 0.0, "1_MONTANT_207_0": 0.0, "2_DESIGNATION_207_0": 0.0, "3_Reprise_207_0": 0.0, "4_SELF_207_0": 0.0, "5_SCANNING_207_0": 0.0, "6_TRX:_207_0": 0.25, "7_02414487_207_0": 0.0, "8_Lundi_207_0": 0.2, "9_samedi_207_0": 0.16666666666666666, "10_au_207_0": 0.0, "11_de_207_0": 0.5, "12_8h30_207_0": 0.25, "13_a_207_0": 0.0, "14_21h00_207_0": 0.0, "15_TE1:_207_0": 0.25, "16_05_207_0": 1.0, "17_46_207_0": 1.0, "18_51_207_0": 0.0, "19_23_207_0": 0.0, "20_79_207_0": 0.5, "0_TOTAL_470_1": 0.0, "1_NCH_470_1": 1.0, "2_IMENTAIRE_470_1": 0.3333333333333333, "3_AL_470_1": 1.0, "4_11.35\u20ac_470_1": 0.3333333333333333, "5_SET_470_1": 0.0, "6_17_470_1": 1.0, "7_BOJTES_470_1": 0.3333333333333333, "8_5.50\u20ac_470_1": 0.4, "9_SECHE_470_1": 0.0, "10_COUVERS_470_1": 0.14285714285714285, "11_4.85\u20ac_470_1": 0.0, "12_ARTICLES_470_1": 0.0, "13_A_470_1": 1.0, "14_3_470_1": 0.0, "15_EUR_470_1": 0.0, "16_3.00\u20ac_470_1": 0.4, "17_TOTAL_470_1": 0.0, "18_ALIMENTAIRE_470_1": 0.2727272727272727, "19_17.35_470_1": 0.0, "20_*YRT_470_1": 0.0, "21_POT_470_1": 1.0, "22_VER.NATURE_470_1": 0.2, "23_1.32\u20ac_470_1": 0.8, "24_NUTELLA_470_1": 0.0, "25_T.220_470_1": 0.2, "26_0.19\u20ac_470_1": 0.0, "27_*POIVRON_470_1": 0.25, "28_JAUNE_470_1": 0.0, "29_0.78\u20ac_470_1": 0.6, "30_*PHILADELPHIA_470_1": 0.07692307692307693, "31_LIGHT_470_1": 0.0, "32_2.50\u20ac_470_1": 0.0, "33_1.95\u20ac_470_1": 0.4, "34_*POIVRON_470_1": 0.0, "35_ROUGE_470_1": 0.0, "36_PIECE_470_1": 0.0, "37_*KIHI_470_1": 0.6, "38_4x_470_1": 1.0, "39_0.55_470_1": 0.25, "40_3.20\u20ac_470_1": 0.0, "41_FL.146_470_1": 0.3333333333333333, "42_DUCROS_470_1": 0.0, "43_THYM_470_1": 0.25, "44_1.81\u20ac_470_1": 0.4, "45_*CERISE_470_1": 0.14285714285714285, "46_2.35\u20ac_470_1": 0.0, "47_*BIO_470_1": 0.25, "48_MENTHE_470_1": 0.16666666666666666, "49_1.89\u20ac_470_1": 0.6, "50_POT_470_1": 1.0, "51_FR_470_1": 0.0, "0_CHOC.LT_624_0": 0.0, "1_AN./P._624_0": 0.3333333333333333, "2_SEL_624_0": 0.0, "3_C.D'OR_624_0": 0.16666666666666666, "4_180G_624_0": 0.25, "5_2,59_624_0": 0.5, "6_\u20ac_624_0": 0.0, "7_CAFE_624_0": 0.0, "8_CLASSIC_624_0": 0.0, "9_G.M.X60_624_0": 0.2857142857142857, "10_DOS.420G_624_0": 0.25, "11_5,85_624_0": 0.5, "12_\u20ac_624_0": 0.0, "13_>>>>_624_0": 1.0, "14_EPICERIE_624_0": 0.0, "15_CD_624_0": 1.0, "16_224_624_0": 1.0, "17_06/06/17_624_0": 0.0, "18_12:36_624_0": 0.0, "19_5_624_0": 1.0, "20_670009_624_0": 0.16666666666666666, "21_Operateur_624_0": 0.1111111111111111, "22_Date_624_0": 0.0, "23_Heure_624_0": 0.2, "24_TPU_624_0": 0.6666666666666666, "25_Ticket_624_0": 0.0, "26_Le_624_0": 0.0, "27_dimanche_624_0": 0.125, "28_de_624_0": 0.0, "29_8h30_624_0": 0.25, "30_a_624_0": 1.0, "31_12h30_624_0": 0.0, "32_De_624_0": 0.0, "33_8h30_624_0": 0.0, "34_a_624_0": 1.0, "35_20h00_624_0": 0.2, "36_Tel_624_0": 0.0, "37_:_624_0": 1.0, "38_04.66.35.36.30_624_0": 0.0, "39_30310_624_0": 0.0, "40_VERGEZE_624_0": 0.14285714285714285, "41_Route_624_0": 0.0, "42_Codognan_624_0": 0.0, "43_de_624_0": 0.0, "0_25,637_receipt_00044_1": 1.0, "1_TAX_receipt_00044_1": 1.6666666666666667, "2_SUBTOTAL_receipt_00044_1": 0.375, "3_256,363_receipt_00044_1": 1.0, "4_1_receipt_00044_1": 1.0, "5_CB/P_receipt_00044_1": 1.0, "6_BLACK_receipt_00044_1": 0.2, "7_PEPP_receipt_00044_1": 1.0, "8_BEEF_receipt_00044_1": 0.5, "9_48,182_receipt_00044_1": 0.6666666666666666, "0_Tel_29_0": 0.0, "1_17000_29_0": 0.0, "2_LA_29_0": 0.5, "3_ROCHELLE_29_0": 0.0, "4_33_29_0": 0.0, "5_RUE_29_0": 0.0, "6_DE_29_0": 0.0, "7_LA_29_0": 0.0, "8_SCIERIE_29_0": 0.0, "9_CRF-CITY_29_0": 0.0, "10_ROCHELLE_29_0": 0.0, "11_LA_29_0": 0.5, "0_CUP_receipt_00027_0": 1.0, "1_MEGA_receipt_00027_0": 0.0, "2_MEGA_receipt_00027_0": 0.0, "3_Rp 30,000_receipt_00027_0": 0.2222222222222222, "0_54,000_receipt_00655_1": 0.0, "1_CASH_receipt_00655_1": 0.75, "2_100,000_receipt_00655_1": 0.0, "3_46,000_receipt_00655_1": 0.16666666666666666, "4_SUB_receipt_00655_1": 1.0, "5_TOTAL_receipt_00655_1": 0.0, "6_46,000_receipt_00655_1": 0.3333333333333333, "0_ _receipt_00536_0": 3.0, "0_DESCRIPTION_259_0": 0.18181818181818182, "1_QTE_259_0": 1.0, "2_MONTANT_259_0": 0.5714285714285714, "3_Tel_259_0": 0.0, "4_17000_259_0": 0.0, "5_LA_259_0": 0.5, "6_ROCHELLE_259_0": 0.0, "7_33_259_0": 0.5, "8_RUE_259_0": 0.0, "9_DE_259_0": 0.0, "10_SCIERIE_259_0": 0.0, "11_LA_259_0": 1.0, "12_CRF-CITY_259_0": 0.0, "13_LA_259_0": 1.0, "14_ROCHELLE_259_0": 0.0, "0_DESCRPTION_280_0": 0.1, "1_QTE_280_0": 1.0, "2_MONTANT_280_0": 0.42857142857142855, "3_:_280_0": 2.0, "4_Tel_280_0": 0.0, "5_17000_280_0": 0.0, "6_LA_280_0": 0.0, "7_ROCHELLE_280_0": 0.0, "8_33_280_0": 0.0, "9_RUE_280_0": 0.0, "10_DE_280_0": 0.0, "11_LA_280_0": 0.0, "12_SCIERIE_280_0": 0.14285714285714285, "13_CRF-CITY_280_0": 0.0, "14_LA_280_0": 0.5, "15_ROCHELLE_280_0": 0.0, "0_Change_receipt_00453_1": 0.16666666666666666, "1_46,000_receipt_00453_1": 0.3333333333333333, "2_Rp. 100,000_receipt_00453_1": 0.09090909090909091, "3_Cash_receipt_00453_1": 0.25, "4_Total_receipt_00453_1": 0.2, "5_Dine_receipt_00453_1": 0.25, "6_In_receipt_00453_1": 0.5, "7_54,000_receipt_00453_1": 0.16666666666666666, "8_(10%)_receipt_00453_1": 0.8, "9_PB1_receipt_00453_1": 0.6666666666666666, "10_4,909_receipt_00453_1": 0.2, "11_Subtotal_receipt_00453_1": 0.5, "12_49,091_receipt_00453_1": 0.16666666666666666, "13_Kupon_receipt_00453_1": 0.8, "14_13_receipt_00453_1": 1.0, "15_49,091_receipt_00453_1": 0.16666666666666666, "0_81,000_receipt_00603_1": 0.16666666666666666, "1_KREDIT_receipt_00603_1": 0.0, "2_BCA_receipt_00603_1": 0.0, "3_81,000_receipt_00603_1": 0.0, "4_Total._receipt_00603_1": 0.0, "5_-2_receipt_00603_1": 1.0, "6_Rounding_receipt_00603_1": 0.0, "7_81,002_receipt_00603_1": 0.0, "8_Rounding_receipt_00603_1": 0.0, "9_Before_receipt_00603_1": 0.0, "10_7,364_receipt_00603_1": 0.0, "11_VAT_receipt_00603_1": 0.0, "12_10%_receipt_00603_1": 0.0, "13_73,638_receipt_00603_1": 0.0, "14_ITEMS_receipt_00603_1": 0.0, "15_:4_receipt_00603_1": 1.0, "16_29,091_receipt_00603_1": 0.0, "17_GORENG_receipt_00603_1": 0.0, "18_AYAM_receipt_00603_1": 0.0, "19_1_receipt_00603_1": 1.0, "20_BIHUN_receipt_00603_1": 0.0, "21_32,728_receipt_00603_1": 0.0, "22_NASI_receipt_00603_1": 0.25, "23_CAH_receipt_00603_1": 0.0, "24_JAMUR_receipt_00603_1": 0.0, "25_1_receipt_00603_1": 0.0, "26_6,364_receipt_00603_1": 0.0, "27_TAWAR_receipt_00603_1": 0.0, "28_TEH_receipt_00603_1": 0.0, "29_1_receipt_00603_1": 0.0, "30_ES_receipt_00603_1": 0.0, "31_5,455_receipt_00603_1": 0.0, "32_1_receipt_00603_1": 1.0, "33_TEH_receipt_00603_1": 0.0, "34_PANAS_receipt_00603_1": 0.0, "0_ _receipt_00037_0": 2.0, "0_PINTAR_X51005447842_2": 0.0, "1_SDN_X51005447842_2": 0.0, "2_BHD_X51005447842_2": 0.0, "3_BORONG_X51005447842_2": 0.0, "4_shopping_X51005447842_2": 0.0, "5_you_X51005447842_2": 0.0, "6_PASARAYA_X51005447842_2": 0.0, "7_at_X51005447842_2": 0.0, "8_Thank_X51005447842_2": 0.0, "9_for_X51005447842_2": 0.0, "10_returnable_X51005447842_2": 0.0, "11_sold_X51005447842_2": 0.0, "12_are_X51005447842_2": 0.0, "13_not_X51005447842_2": 0.0, "14_*Goods_X51005447842_2": 0.0, "15_0.00_X51005447842_2": 0.25, "16_0.90_X51005447842_2": 0.0, "17_ZRL_X51005447842_2": 0.0, "18_0_X51005447842_2": 1.0, "19_%_X51005447842_2": 0.0, "20_=_X51005447842_2": 0.0, "21_(RM)_X51005447842_2": 0.0, "22_(RM)_X51005447842_2": 0.0, "23_Summary_X51005447842_2": 0.0, "24_Amount_X51005447842_2": 0.0, "25_Tax_X51005447842_2": 0.0, "26_GST_X51005447842_2": 0.0, "0_CG_receipt_00742_1": 0.0, "1_14,002_receipt_00742_1": 0.0, "2_CASH_receipt_00742_1": 0.0, "3_100,000_receipt_00742_1": 0.14285714285714285, "4_TL_receipt_00742_1": 3.0, "5_TAX_receipt_00742_1": 0.0, "6_7,818_receipt_00742_1": 0.2, "7_78,180_receipt_00742_1": 0.0, "8_KWE_receipt_00742_1": 0.0, "9_GR_receipt_00742_1": 0.5, "10_CMP_receipt_00742_1": 0.0, "11_39,090_receipt_00742_1": 0.0, "12_KWE_receipt_00742_1": 0.0, "13_BUN_receipt_00742_1": 0.0, "14_SAPI_receipt_00742_1": 0.25, "15_39,090_receipt_00742_1": 0.16666666666666666, "0_MONTANT_48_0": 0.42857142857142855, "1_QTE_48_0": 1.0, "2_DESCRIPTION_48_0": 0.0, "3_Tel_48_0": 0.0, "4_LA_48_0": 1.0, "5_ROCHELLE_48_0": 0.0, "6_17000_48_0": 0.0, "7_SCIERIE_48_0": 0.0, "8_DE_48_0": 0.0, "9_LA_48_0": 0.0, "10_33_48_0": 0.0, "11_RUE_48_0": 0.0, "12_ROCHELLE_48_0": 0.0, "13_CRF-CITY_48_0": 0.0, "14_LA_48_0": 0.0, "0_A_695_0": 0.0, "1_5,67_695_0": 0.25, "2_PAYER_695_0": 0.0, "3_EURO_695_0": 0.25, "4_1,79_695_0": 0.25, "5_FROMAGE_695_0": 0.0, "6_FRAIS_695_0": 0.0, "7_CHEVRE_695_0": 0.0, "8_2,89_695_0": 0.0, "9_900G_695_0": 0.25, "10_FARCI_695_0": 0.2, "11_0,99_695_0": 0.25, "12_4X35G_695_0": 0.2, "13_NOIR_695_0": 0.0, "14_ROCHERS_695_0": 0.0, "15_VOTRE_695_0": 0.0, "16_FIDELITE_695_0": 0.125, "17_MERCI_695_0": 0.0, "18_DE_695_0": 0.0, "19_19H30_695_0": 0.0, "20_SAMEDI_695_0": 0.0, "21_LUNDI_695_0": 0.0, "22_AU_695_0": 0.0, "23_DE_695_0": 0.0, "24_8H30_695_0": 0.25, "25_DU_695_0": 1.0, "26_PRODUITS_695_0": 0.0, "27_FESTIFS_695_0": 0.0, "28_DECOUVRIR_695_0": 0.0, "29_TOUS_695_0": 0.0, "30_NOS_695_0": 0.0, "31_VENEZ_695_0": 0.0, "32_JOYEUSES_695_0": 0.0, "33_FETES_695_0": 0.0, "34_VOUS_695_0": 1.0, "35_SOUHAITE_695_0": 0.0, "36_DE_695_0": 0.0, "37_ALDI_695_0": 0.25, "38_BIENVENUE_695_0": 0.0, "39_JEAN_695_0": 0.0, "40_BRAYE_695_0": 0.0, "41_ALDI_695_0": 0.0, "42_ST_695_0": 0.0, "0_BIENTOT_388_3": 0.0, "1_MERCI_388_3": 0.0, "2_DE_388_3": 0.0, "3_VOTRE_388_3": 0.0, "4_VISITE_388_3": 0.0, "5_18:42:26_388_3": 0.125, "6_11/05/2017_388_3": 0.0, "7_0005_388_3": 0.0, "8_002_388_3": 0.0, "9_000467_388_3": 0.0, "0_ _receipt_00548_0": 2.0, "0_DATE_633_0": 0.5, "1_18/06/2017_633_0": 0.1, "2_N*_633_0": 0.5, "3_12_633_0": 1.0, "4_ORIGINAL_633_0": 0.0, "5_PST:2_633_0": 0.6, "0_DESCRIPTION_557_0": 0.0, "1_QTE_557_0": 0.3333333333333333, "2_MONTANT_557_0": 0.14285714285714285, "3_:_557_0": 1.0, "4_Tel_557_0": 0.0, "5_17000_557_0": 0.0, "6_LA_557_0": 0.0, "7_ROCHELLE_557_0": 0.0, "8_3/5_557_0": 0.0, "9_RUE_557_0": 0.0, "10_DE_557_0": 0.0, "11_CORDOUAN_557_0": 0.0, "12_ROCHELLE/CRD_557_0": 0.0, "13_CRF-CITY_557_0": 0.0, "14_LA_557_0": 0.0, "0_SPECULOOS_682_1": 0.3333333333333333, "1_TIRAMISU_682_1": 0.125, "2_USAV.2X10OG_682_1": 0.36363636363636365, "3_2,05_682_1": 0.25, "4_\u20ac_682_1": 1.0, "5_CHEVRE_682_1": 0.5, "6_MN_682_1": 1.5, "7_FRAIS_682_1": 0.2, "8_15%_682_1": 0.0, "9_COUP.6X206_682_1": 0.2, "10_2,10_682_1": 0.25, "11_\u20ac_682_1": 0.0, "12_CREMERIE_682_1": 0.0, "13_>>>>_682_1": 0.5, "14_S._682_1": 0.5, "15_CHIFFON.JBON_682_1": 0.9166666666666666, "16_HONT.UPF_682_1": 0.25, "17_USAV100G_682_1": 0.625, "18_2,36_682_1": 0.25, "19_\u20ac_682_1": 0.0, "20_BRUSCHETTA_682_1": 0.0, "21_OCEANE_682_1": 0.3333333333333333, "22_270G_682_1": 0.25, "23_3,95_682_1": 0.25, "24_\u20ac_682_1": 1.0, "25_>>>>_682_1": 1.0, "26_FARCE_682_1": 0.0, "27_A_682_1": 0.0, "28_TOMATE_682_1": 0.16666666666666666, "29_2,59_682_1": 0.25, "30_\u20ac_682_1": 0.0, "31_>>>_682_1": 1.0, "32_ATELIER_682_1": 0.0, "33_2,90_682_1": 0.25, "34_\u20ac_682_1": 1.0, "35_BEAUTE_682_1": 0.0, "36_>>>>_682_1": 1.0, "37_SANTE_682_1": 0.0, "38_PIZZ'00_682_1": 0.0, "39_CHEV/LAR_682_1": 0.25, "40_200G_682_1": 0.25, "41_1,51_682_1": 0.25, "42_\u20ac_682_1": 0.0, "43_BETTERAVES_682_1": 0.1, "44_ROUGES_682_1": 0.0, "45_U_682_1": 0.0, "46_BID_682_1": 0.3333333333333333, "47_200G_682_1": 0.25, "48_1,69_682_1": 0.25, "49_\u20ac_682_1": 0.0, "50_PLET_682_1": 0.0, "51_RISOTTO_682_1": 0.0, "52_280G_682_1": 0.25, "53_2,99_682_1": 0.0, "54_\u20ac_682_1": 0.0, "55_CHILI_682_1": 1.0, "56_CARNE_682_1": 0.0, "57_CON_682_1": 1.0, "58_300G_682_1": 0.25, "59_3,13_682_1": 0.75, "60_\u20ac_682_1": 0.0, "61_>>>>_682_1": 1.0, "62_L_682_1": 1.0, "0_BIENTOT_8_2": 0.0, "1_VOTRE_8_2": 0.0, "2_MERCI_8_2": 0.0, "3_DE_8_2": 0.0, "4_VISITE_8_2": 0.0, "0_TTC_641_0": 0.6666666666666666, "1_TVA_641_0": 0.6666666666666666, "2_14/06/17_641_0": 0.0, "3_Ticket_641_0": 0.0, "4_0_641_0": 0.0, "5_04IY_641_0": 0.5, "6_04C00_641_0": 0.2, "7_17:01_641_0": 0.2, "8_004-0115_641_0": 0.0, "9_juin_641_0": 0.0, "10_2017_641_0": 0.0, "11_Caisse_641_0": 0.0, "12_14_641_0": 0.5, "13_TEL.:_641_0": 0.6, "14_LA_641_0": 0.0, "15_SOUHAITE_641_0": 0.0, "16_VOUS_641_0": 1.0, "17_D'ANGELY_641_0": 0.0, "18_JEAN_641_0": 0.0, "19_SAINT_641_0": 0.0, "0_H_667_0": 0.0, "1_EPINARDS_667_0": 0.0, "2_HACHE_667_0": 0.0, "3_AUCHA_667_0": 0.0, "4_0.69\u20ac_667_0": 0.6, "5_AUCHAN_667_0": 0.0, "6_HARICOT_667_0": 0.14285714285714285, "7_0.94\u20ac_667_0": 0.4, "8_H_667_0": 0.0, "9_VERT_667_0": 0.0, "10_H_667_0": 0.0, "11_0.62\u20ac_667_0": 0.4, "12_AUCHAN_667_0": 0.16666666666666666, "13_HARICOT_667_0": 0.0, "14_BLC_667_0": 0.0, "15_EPICERIE_667_0": 1.0, "16_>>_667_0": 0.0, "17_Peguy_667_0": 0.0, "18_Avenue_667_0": 0.16666666666666666, "19_Charles_667_0": 0.0, "20_VOTRE_667_0": 0.0, "21_MAGASIN_667_0": 0.14285714285714285, "22_BIENVEHUE_667_0": 0.2222222222222222, "23_DANS_667_0": 0.0, "24_BRAYE_667_0": 0.0, "25_SIMPLY_667_0": 0.0, "26_ST_667_0": 0.5, "27_JEAN_667_0": 0.0, "28_DE_667_0": 0.0, "0_24,000_receipt_00477_1": 0.0, "1_CG_receipt_00477_1": 1.0, "2_100,000_receipt_00477_1": 0.14285714285714285, "3_CASH_receipt_00477_1": 0.0, "4_TL_receipt_00477_1": 1.0, "5_48,000_receipt_00477_1": 0.16666666666666666, "6_JUICE_receipt_00477_1": 0.0, "7_ORANGE_receipt_00477_1": 0.0, "8_24,000_receipt_00477_1": 0.0, "9_2X_receipt_00477_1": 0.0, "10_28,000_receipt_00477_1": 0.0, "0_Tel_55_0": 0.0, "1_ROCHELLE_55_0": 0.0, "2_17000_55_0": 0.0, "3_LA_55_0": 0.0, "4_SCIERIE_55_0": 0.0, "5_RUE_55_0": 0.0, "6_DE_55_0": 0.0, "7_LA_55_0": 0.0, "8_33_55_0": 0.0, "9_ROCHELLE_55_0": 0.0, "10_CRF-CITY_55_0": 0.0, "11_LA_55_0": 0.5, "0_A_344_1": 0.0, "1_BIENTOT_344_1": 0.0, "2_MERCI_344_1": 0.0, "3_DE_344_1": 0.0, "4_VOTRE_344_1": 0.0, "5_VISITE_344_1": 0.0, "6_003_344_1": 0.0, "7_000104_344_1": 0.0, "8_15:28:09_344_1": 0.125, "9_EMV_344_1": 0.6666666666666666, "10_SANS_344_1": 0.0, "11_4.39\u20ac_344_1": 0.4, "12_CB_344_1": 0.5, "13_CONTACT_344_1": 0.0, "14_EUR_344_1": 0.0, "15_AITICLE(S)_344_1": 0.1, "16_3_344_1": 0.0, "17_TOTAL_344_1": 0.0, "18_A_344_1": 1.0, "19_PAYER_344_1": 0.0, "20_4.39\u20ac_344_1": 0.4, "21_XPETIT_344_1": 0.16666666666666666, "22_ECOL.CHOC.LT_344_1": 0.0, "23_1.50\u20ac_344_1": 0.4, "24_1.10\u20ac_344_1": 0.4, "25_BRE_344_1": 0.0, "26_*200G_344_1": 0.4, "27_1.79\u20ac_344_1": 0.4, "28_OUMMOUS_344_1": 0.42857142857142855, "29_CRF_344_1": 0.0, "0_:_552_1": 1.0, "1_Carte_552_1": 0.0, "2_-3.81\u20ac_552_1": 0.3333333333333333, "3_Monnaie_552_1": 0.0, "4_Votre_552_1": 0.0, "5_EUR_552_1": 0.0, "6_10.00\u20ac_552_1": 0.3333333333333333, "7_ESPECES_552_1": 0.0, "8_6.19\u20ac_552_1": 0.4, "9_ARTICLE_552_1": 0.0, "10_(S)_552_1": 1.0, "11_TOTAL_552_1": 0.2, "12_A_552_1": 0.0, "13_PAYER_552_1": 0.0, "14_3_552_1": 1.0, "15_3.16\u20ac_552_1": 0.4, "16_SAUMON_552_1": 0.16666666666666666, "17_CR_552_1": 0.0, "18_*280G_552_1": 0.4, "19_PENNE_552_1": 0.0, "20_1.60\u20ac_552_1": 0.4, "21_*200G_552_1": 0.4, "22_CAROTTE_552_1": 0.14285714285714285, "23_RAPE_552_1": 0.0, "24_BI_552_1": 0.0, "25_*150_552_1": 1.0, "26_1.43\u20ac_552_1": 0.4, "27_PT_552_1": 1.0, "28_ECOLIER_552_1": 0.14285714285714285, "29_C00_552_1": 1.0, "30_QTE_552_1": 0.3333333333333333, "31_MONTANT_552_1": 0.14285714285714285, "32_DESCRIPTION_552_1": 0.0, "0_Kembali_receipt_00582_0": 0.14285714285714285, "1_0_receipt_00582_0": 1.0, "2_GoPay_receipt_00582_0": 0.2, "3_56.000_receipt_00582_0": 0.5, "4_Total_receipt_00582_0": 0.2, "5_56.000_receipt_00582_0": 0.16666666666666666, "6_MATCHABERRY_receipt_00582_0": 0.18181818181818182, "7_1_receipt_00582_0": 1.0, "8_28.000_receipt_00582_0": 0.0, "9_BLACKPINK_receipt_00582_0": 0.2222222222222222, "10_1_receipt_00582_0": 1.0, "11_28.000_receipt_00582_0": 0.0, "0_BIENTOT_518_3": 0.0, "0_14,909_receipt_00708_1": 0.0, "1_TAX_receipt_00708_1": 0.0, "2_SUBTOTAL_receipt_00708_1": 0.125, "3_149,091_receipt_00708_1": 0.0, "4_1_receipt_00708_1": 1.0, "5_GREEN_receipt_00708_1": 0.2, "6_ITALIAN_receipt_00708_1": 0.0, "7_SODA_receipt_00708_1": 0.75, "8_1_receipt_00708_1": 2.0, "9_SUNRISE_receipt_00708_1": 0.42857142857142855, "10_ITALIAN_receipt_00708_1": 0.0, "11_SODA_receipt_00708_1": 0.75, "12_1_receipt_00708_1": 1.0, "13_SC/P_receipt_00708_1": 0.0, "14_THOUSAND_receipt_00708_1": 0.0, "15_ISL_receipt_00708_1": 1.0, "16_DEL_receipt_00708_1": 0.3333333333333333, "17_1_receipt_00708_1": 1.0, "18_SC/P_receipt_00708_1": 1.0, "19_SPICY_receipt_00708_1": 0.0, "20_TUNA_receipt_00708_1": 0.0, "21_DEL_receipt_00708_1": 0.3333333333333333, "22_1_receipt_00708_1": 2.0, "23_LIME_receipt_00708_1": 0.25, "24_JUICE_receipt_00708_1": 0.0, "25_DEL_receipt_00708_1": 0.3333333333333333, "26_1_receipt_00708_1": 2.0, "27_MANGO_receipt_00708_1": 0.0, "28_TEA_receipt_00708_1": 0.0, "29_HANGAT_receipt_00708_1": 0.0, "30_DEL_receipt_00708_1": 0.3333333333333333, "31_BOLOGNAISE_receipt_00708_1": 0.2, "32_1_receipt_00708_1": 1.0, "33_FUSILI_receipt_00708_1": 0.16666666666666666, "34_DEL_receipt_00708_1": 0.0, "35_MAC_receipt_00708_1": 0.3333333333333333, "36_1_receipt_00708_1": 2.0, "37_N_receipt_00708_1": 0.0, "38_CHEEESE_receipt_00708_1": 0.14285714285714285, "39_DEL_receipt_00708_1": 0.0, "0_25.10.16_205_3": 0.125, "1_19:08_205_3": 0.0, "2_0045115_205_3": 0.0, "3_0023_205_3": 0.0, "4_415_205_3": 0.6666666666666666, "5_Vignette(s)_205_3": 0.18181818181818182, "6_par_205_3": 0.0, "7_operation_205_3": 0.0, "0_ _receipt_00627_0": 2.0, "0_CARREFOUR_203_1": 0.0, "1_Carte_203_1": 0.2, "2_13,92_203_1": 0.4, "3_Bancaires_203_1": 0.1111111111111111, "4_Cartes_203_1": 0.16666666666666666, "5_\u20ac_203_1": 1.0, "6_13,92_203_1": 0.2, "7_TOTAL_203_1": 0.0, "8_A_203_1": 0.0, "9_PAYER_203_1": 0.2, "10_13,92_203_1": 0.4, "11_Alimentaire_203_1": 0.0, "12_Total_203_1": 0.0, "13_2,35_203_1": 0.5, "14_BLANC_203_1": 0.0, "15_POULET_203_1": 0.0, "16_4_203_1": 1.0, "17_TR_203_1": 3.5, "18_1,22_203_1": 0.25, "19_BISCOTT_203_1": 0.0, "20_270G_203_1": 0.25, "21_30_203_1": 0.0, "22_TR_203_1": 3.5, "23_4_203_1": 1.0, "24_1,54_203_1": 0.25, "25_POMMEP_203_1": 0.3333333333333333, "26_4_203_1": 1.0, "27_4X100G_203_1": 0.5, "28_SSA_203_1": 0.6666666666666666, "29_SALADE_203_1": 0.0, "30_L'ORIG_203_1": 0.5, "31_4_203_1": 1.0, "32_200G_203_1": 0.25, "33_DELICE_203_1": 0.0, "34_JAMBON_203_1": 0.16666666666666666, "35_200G_203_1": 0.25, "36_4_203_1": 1.0, "37_2,25_203_1": 1.0, "38_PAN._203_1": 0.0, "39_EXT._203_1": 0.25, "40_MAN_203_1": 0.3333333333333333, "41_4_203_1": 1.0, "42_4X120G_203_1": 0.5, "43_3,50_203_1": 0.5, "44_COUSCOUS_203_1": 0.0, "45_4_203_1": 1.0, "46_350G_203_1": 0.5, "0_(S)_487_1": 1.0, "1_8_487_1": 0.0, "2_ARTICLE_487_1": 0.0, "3_TOTAL_487_1": 0.0, "4_A_487_1": 0.0, "5_PAYER_487_1": 0.0, "6_32.44\u20ac_487_1": 0.3333333333333333, "7_TOTAL_487_1": 0.0, "8_NON_487_1": 0.6666666666666666, "9_ALINENTAIRE_487_1": 0.09090909090909091, "10_2.95\u20ac_487_1": 0.4, "11_UP_487_1": 0.5, "12_FEMININ-_487_1": 0.375, "13_2.95\u20ac_487_1": 0.4, "14_/_487_1": 1.0, "15_TOTAL_487_1": 0.0, "16_BEAUTE_487_1": 0.0, "17_/_487_1": 1.0, "18_11.65\u20ac_487_1": 0.3333333333333333, "19_SANTE_487_1": 0.2, "20_HYGIENE_487_1": 0.0, "21_500HL_487_1": 0.4, "22_HUILE_487_1": 0.0, "23_DCHE_487_1": 0.0, "24_H_487_1": 1.0, "25_5.40\u20ac_487_1": 0.4, "26_6.25\u20ac_487_1": 0.4, "27_250ML_487_1": 0.2, "28_CICA_487_1": 0.75, "29_MI_487_1": 0.5, "30_LAIT_487_1": 0.25, "31_TOTAL_487_1": 0.0, "32_ALIMENTAIRE_487_1": 0.2727272727272727, "33_17.84\u20ac_487_1": 0.3333333333333333, "34_*TARTELETTE_487_1": 0.09090909090909091, "35_FINE_487_1": 0.0, "36_PO_487_1": 1.5, "37_1.95\u20ac_487_1": 0.4, "38_*LAIT_487_1": 0.2, "39_AMANDE_487_1": 0.16666666666666666, "40_S._487_1": 0.5, "41_SUCR_487_1": 1.0, "42_2.32\u20ac_487_1": 0.4, "43_*FLOCONS_487_1": 0.125, "44_AVOIN_487_1": 0.4, "45_GR_487_1": 0.0, "46_2.80\u20ac_487_1": 0.4, "47_*4X90G_487_1": 0.3333333333333333, "48_COQ_487_1": 1.0, "49_STJ_487_1": 0.3333333333333333, "50_POIR_487_1": 0.25, "51_7.16\u20ac_487_1": 0.4, "52_1256_487_1": 0.0, "53_AMANDES_487_1": 0.0, "54_EMOND_487_1": 0.2, "55_3.61\u20ac_487_1": 0.4, "0_37,500.00_receipt_00448_0": 0.0, "1_(P)_receipt_00448_0": 0.3333333333333333, "2_1_receipt_00448_0": 1.0, "3_sun_receipt_00448_0": 0.3333333333333333, "4_kissed_receipt_00448_0": 0.3333333333333333, "5_37,500.00_receipt_00448_0": 0.0, "6_(P)_receipt_00448_0": 0.6666666666666666, "7_days_receipt_00448_0": 0.25, "8_summer_receipt_00448_0": 0.0, "9_1_receipt_00448_0": 1.0, "10_of_receipt_00448_0": 0.0, "11_500_receipt_00448_0": 0.0, "12_37,500.00_receipt_00448_0": 0.0, "13_(P)_receipt_00448_0": 1.0, "14_Berry_receipt_00448_0": 0.2, "15_Many-Low_receipt_00448_0": 0.0, "16_1_receipt_00448_0": 0.0, "0_Support_X00016469676_1": 0.0, "1_Your_X00016469676_1": 0.0, "2_Thanks_X00016469676_1": 0.0, "3_INVOICE_X00016469676_1": 0.0, "4_NO:_X00016469676_1": 0.0, "5_22497_X00016469676_1": 0.0, "6_0,_X00016469676_1": 0.0, "7_A1,_X00016469676_1": 0.3333333333333333, "8_STATION_X00016469676_1": 0.0, "9_PID:_X00016469676_1": 0.0, "10_POS_X00016469676_1": 0.0, "11_TOKEN_X00016469676_1": 0.0, "12_NO:_X00016469676_1": 0.3333333333333333, "13_ID:_X00016469676_1": 0.6666666666666666, "14_PM,_X00016469676_1": 0.3333333333333333, "15_23-01-2019_X00016469676_1": 0.2, "16_13:14:15_X00016469676_1": 0.0, "17_PRINT_X00016469676_1": 0.0, "18_BY:_X00016469676_1": 0.0, "19_root_X00016469676_1": 0.0, "20_:_X00016469676_1": 2.0, "21_CHANGE_X00016469676_1": 0.0, "22_0.00_X00016469676_1": 0.0, "23_CASH_X00016469676_1": 0.0, "24_20.00_X00016469676_1": 0.0, "25_TOTAL_X00016469676_1": 0.0, "26_GRAND_X00016469676_1": 0.0, "27_:_X00016469676_1": 0.0, "28_20.00_X00016469676_1": 0.0, "29_0.00_X00016469676_1": 0.0, "30_ROUNDING_X00016469676_1": 0.0, "31_ADJUSTMENT_X00016469676_1": 0.0, "32_:_X00016469676_1": 1.0, "33_SUB_X00016469676_1": 0.0, "34_TOTAL:_X00016469676_1": 0.16666666666666666, "35_20.00_X00016469676_1": 0.0, "0_DESCRIPT1ON_376_0": 0.6363636363636364, "1_QTE_376_0": 1.0, "2_MONTANT_376_0": 0.2857142857142857, "3_Tel_376_0": 0.0, "4_17000_376_0": 0.0, "5_ROCHELLE_376_0": 0.0, "6_LA_376_0": 0.5, "7_DE_376_0": 0.0, "8_LA_376_0": 0.5, "9_SCIERIE_376_0": 0.0, "10_33_376_0": 0.5, "11_RUE_376_0": 0.0, "12_RF-CITY_376_0": 0.0, "13_LA_376_0": 0.0, "14_ROCHELLE_376_0": 0.0, "0_30:30:29_234_1": 0.0, "1_13/10/2016_234_1": 0.0, "2_000096_234_1": 0.0, "3_0125_234_1": 0.25, "4_009_234_1": 0.0, "5_-9.00\u20ac_234_1": 0.3333333333333333, "6_Monnaie_234_1": 0.0, "7_Votre_234_1": 0.0, "8_20.02\u20ac_234_1": 0.3333333333333333, "9_EUR_234_1": 0.0, "10_ESPECES_234_1": 0.0, "11_11.02\u20ac_234_1": 0.3333333333333333, "12_TOTAL_234_1": 0.0, "13_PAYER_234_1": 0.0, "14_(S)_234_1": 1.0, "15_ARTICLE_234_1": 0.0, "16_A_234_1": 1.0, "17_11.02\u20ac_234_1": 0.3333333333333333, "18_ALIMENTAIRE_234_1": 0.09090909090909091, "19_TOTAL_234_1": 1.0, "20_1.61\u20ac_234_1": 0.4, "21_*RAISIN_234_1": 0.0, "22_ROSE_234_1": 0.0, "23_2.08\u20ac_234_1": 0.4, "24_MOYENNE_234_1": 0.0, "25_*POMME_234_1": 0.0, "26_GALA_234_1": 0.0, "27_3.01\u20ac_234_1": 0.4, "28_ESCALOP_234_1": 0.0, "29_DDE_234_1": 0.0, "30_KG_234_1": 0.5, "31_HAL_234_1": 0.0, "32_2.29\u20ac_234_1": 0.4, "33_*CITRON_234_1": 0.14285714285714285, "34_FILET_234_1": 0.0, "35_500G_234_1": 0.25, "36_1.22\u20ac_234_1": 0.4, "37_*BANANES_234_1": 0.0, "38_0.81\u20ac_234_1": 0.4, "39_MOUTARDE_234_1": 0.125, "40_MI_234_1": 1.0, "41_F_234_1": 0.0, "42_140G_234_1": 0.25, "0_20.000_receipt_00662_1": 0.16666666666666666, "1_CHANGED_receipt_00662_1": 0.0, "2_50.000_receipt_00662_1": 0.16666666666666666, "3_CASH_receipt_00662_1": 0.0, "4_TOTAL_receipt_00662_1": 0.0, "0_:_85_0": 1.0, "1_Tel_85_0": 0.0, "2_17000_85_0": 0.0, "3_LA_85_0": 0.0, "4_ROCHELLE_85_0": 0.0, "5_33_85_0": 0.0, "6_RUE_85_0": 0.0, "7_DE_85_0": 0.0, "8_LA_85_0": 0.0, "9_SCIERIE_85_0": 0.0, "10_CRF-CITY_85_0": 0.0, "11_LA_85_0": 0.0, "12_ROCHELLE_85_0": 0.0, "0_15.000_receipt_00026_0": 0.0, "1_15.000_receipt_00026_0": 0.0, "2_1x_receipt_00026_0": 1.0, "3_Pepenero_receipt_00026_0": 0.0, "4_Pastel_receipt_00026_0": 0.0, "0_Total_205_1": 0.0, "1_Alimentaire_205_1": 0.0, "2_27,20_205_1": 0.2, "3_4_205_1": 1.0, "4_GALETTE_205_1": 0.0, "5_PEP.CITRON_205_1": 0.0, "6_1,69_205_1": 0.25, "7_0,71-_205_1": 0.2, "8_Remise_205_1": 0.5, "9_Immediate_205_1": 0.3333333333333333, "10_1326_205_1": 0.0, "11_4_205_1": 1.0, "12_SABLE_205_1": 0.0, "13_CITRON_205_1": 0.0, "14_2,35_205_1": 0.0, "15_4_205_1": 1.0, "16_PIMS_205_1": 0.25, "17_ORANGE_205_1": 0.0, "18_LU_205_1": 0.5, "19_1,00_205_1": 0.25, "20_4_205_1": 1.0, "21_BRK_205_1": 0.0, "22_1LLAIT_205_1": 0.5, "23_UHT_205_1": 0.0, "24_1,36_205_1": 0.25, "25_PL_205_1": 0.0, "26_0,68x2_205_1": 0.16666666666666666, "27_CRUNCH_205_1": 0.0, "28_CALI_205_1": 0.75, "29_ROLL_205_1": 0.75, "30_,95_205_1": 0.3333333333333333, "31_4_205_1": 1.0, "32_FROMAGE_205_1": 0.0, "33_BLANC_205_1": 0.0, "34_20%_205_1": 0.0, "35_1,25_205_1": 0.25, "36_GRIGNOT.POULET_205_1": 0.07142857142857142, "37_4_205_1": 1.0, "38_NAT_205_1": 0.0, "39_4_205_1": 1.0, "40_2X200G_205_1": 0.3333333333333333, "41_PUREE_205_1": 0.0, "42_TRIO_205_1": 0.0, "43_2,65_205_1": 0.5, "44_4_205_1": 1.0, "45_CLEMENTINE_205_1": 0.0, "46_MOYENNE_205_1": 0.14285714285714285, "47_2,09_205_1": 0.5, "48_4_205_1": 1.0, "49_MOZZA._205_1": 0.16666666666666666, "50_BUFALA_205_1": 0.0, "51_CRF_205_1": 0.0, "52_2,88_205_1": 0.25, "53_4_205_1": 1.0, "54_ALLUMETTE_205_1": 0.0, "55_NATURE_205_1": 0.0, "56_1,45_205_1": 0.25, "57_4_205_1": 1.0, "58_PIZZA_205_1": 0.0, "59_CHEVR/LARDON_205_1": 0.0, "60_1,94_205_1": 0.25, "0_ _receipt_00166_0": 3.0, "0_ _27_2": 2.0, "0_2,50_206_1": 0.25, "1_PARIS_206_1": 0.0, "2_4_206_1": 1.0, "3_CHAMPIGNON_206_1": 0.2, "4_1,89_206_1": 0.25, "5_4_206_1": 1.0, "6_1KG_206_1": 0.6666666666666666, "7_ENDIVE_206_1": 0.0, "8_2,49_206_1": 0.5, "9_4_206_1": 1.0, "10_AUBERGINE_206_1": 0.0, "11_VIOLETTE_206_1": 0.0, "12_0,99_206_1": 0.5, "13_4_206_1": 1.0, "14_PCE_206_1": 0.0, "15_BROCOLI_206_1": 0.14285714285714285, "16_FILME_206_1": 0.0, "17_0,55_206_1": 0.25, "18_PCE_206_1": 0.0, "19_BROCOLI_206_1": 0.0, "20_FILME_206_1": 0.0, "21_4_206_1": 1.0, "22_0,70_206_1": 0.25, "23_FQC_206_1": 0.6666666666666666, "24_4_206_1": 1.0, "25_1KG_206_1": 0.6666666666666666, "26_CAROTTE_206_1": 0.0, "27_2,06_206_1": 0.5, "28_4_206_1": 1.0, "29_CLEMENTINE_206_1": 0.0, "30_MOYENNE_206_1": 0.14285714285714285, "31_2,50_206_1": 0.25, "32_4_206_1": 1.0, "33_BQ_206_1": 0.5, "34_FRAMBOISE_206_1": 0.0, "35_1256_206_1": 0.0, "36_2,10_206_1": 0.25, "37_4_206_1": 1.0, "38_POMME_206_1": 0.0, "39_PINK_206_1": 0.0, "40_LADY_206_1": 0.0, "41_2,46_206_1": 0.5, "42_4_206_1": 1.0, "43_POIRE_206_1": 0.0, "44_CONFERENCE_206_1": 0.0, "45_5,50_206_1": 0.25, "46_BOUDIN_206_1": 0.0, "47_ANTILLAIS_206_1": 0.0, "48_4_206_1": 1.0, "49_3,31_206_1": 0.25, "50_4_206_1": 1.0, "51_ROTI_206_1": 0.0, "52_PORC_206_1": 0.25, "53_CUIT_206_1": 1.0, "54_4TR_206_1": 1.0, "55_6,98_206_1": 0.25, "56_KG_206_1": 0.5, "57_PLET_206_1": 0.0, "58_JNE_206_1": 0.3333333333333333, "59_4_206_1": 2.0, "60_CERTIF_206_1": 0.0, "61_1,50_206_1": 0.75, "62_4_206_1": 1.0, "63_PAIN_206_1": 0.0, "64_CEREALES_206_1": 0.0, "65_ET_206_1": 0.5, "66_F_206_1": 0.0, "67_1,50_206_1": 0.25, "68_4_206_1": 1.0, "69_PDA_206_1": 0.0, "70_BAGUETTE_206_1": 0.125, "71_SESAM_206_1": 0.2, "0_GRAND_receipt_00361_1": 0.0, "1_TOTAL_receipt_00361_1": 0.0, "2_282.000_receipt_00361_1": 0.14285714285714285, "3_Rounding_receipt_00361_1": 0.0, "4_Off_receipt_00361_1": 0.6666666666666666, "5_-02_receipt_00361_1": 1.0, "6_Others_receipt_00361_1": 0.5, "7_25.637_receipt_00361_1": 0.16666666666666666, "8_Service_receipt_00361_1": 0.14285714285714285, "9_13.365_receipt_00361_1": 0.3333333333333333, "10_Discount_receipt_00361_1": 0.0, "11_(0)_receipt_00361_1": 1.0, "12_Sub_receipt_00361_1": 0.3333333333333333, "13_Total_receipt_00361_1": 0.0, "14_243.000_receipt_00361_1": 0.0, "15_Fettucine_receipt_00361_1": 0.0, "16_1_receipt_00361_1": 0.0, "17_Emily's_receipt_00361_1": 0.2857142857142857, "18_69.000_receipt_00361_1": 0.16666666666666666, "19_Shrimp_receipt_00361_1": 0.0, "20_Scampi_receipt_00361_1": 0.0, "21_Spaghetti_receipt_00361_1": 0.0, "22_1_receipt_00361_1": 0.0, "23_59.000_receipt_00361_1": 0.0, "24_Robert_receipt_00361_1": 0.0, "25_Olio_receipt_00361_1": 0.5, "26_Mushroom_receipt_00361_1": 0.0, "0_CHANGE DUE_receipt_00228_1": 0.0, "1_83,000_receipt_00228_1": 0.0, "2_CASH_receipt_00228_1": 0.25, "3_IDR_receipt_00228_1": 0.0, "4_100,000_receipt_00228_1": 0.0, "5_GRAND TOTAL_receipt_00228_1": 0.09090909090909091, "6_17,000_receipt_00228_1": 0.16666666666666666, "0_Change_receipt_00115_1": 0.3333333333333333, "1_5.500_receipt_00115_1": 1.0, "2_Cash_receipt_00115_1": 1.0, "3_50,000_receipt_00115_1": 0.3333333333333333, "4_44,500_receipt_00115_1": 0.8333333333333334, "5_Dine_receipt_00115_1": 0.75, "6_Total_receipt_00115_1": 0.4, "7_In_receipt_00115_1": 1.0, "8_Round_receipt_00115_1": 0.2, "9_-1_receipt_00115_1": 1.0, "10_4,046_receipt_00115_1": 0.6, "11_PB1_receipt_00115_1": 1.0, "12_(10%)_receipt_00115_1": 1.0, "13_40,455_receipt_00115_1": 1.0, "14_Subtotal_receipt_00115_1": 0.125, "15_12,273_receipt_00115_1": 0.5, "16_LARGE_receipt_00115_1": 0.8, "17_ICED_receipt_00115_1": 1.0, "18_LEMON_receipt_00115_1": 0.8, "19_TEA_receipt_00115_1": 1.0, "20_20,000_receipt_00115_1": 0.5, "21_Kupon_receipt_00115_1": 0.8, "22_1_receipt_00115_1": 1.0, "23_8,182_receipt_00115_1": 0.6, "24_Kupon_receipt_00115_1": 1.0, "25_9_receipt_00115_1": 1.0, "0_ _receipt_00637_0": 1.0, "0_146,49_207_3": 0.16666666666666666, "1_38_207_3": 0.0, "2_ARTICLES_207_3": 0.0, "3_TOTAL_207_3": 0.0, "4_REMISES_207_3": 0.0, "5_AVANT_207_3": 0.0, "6_32,49_207_3": 0.4, "7_Total_207_3": 0.0, "8_Non_207_3": 0.0, "9_Alimentaire_207_3": 0.0, "10_9,99_207_3": 0.5, "11_HOMME_207_3": 0.0, "12_TEX_207_3": 0.0, "13_9,99_207_3": 0.5, "14_FEMME_207_3": 0.0, "15_TEX_207_3": 0.0, "16_2,99_207_3": 0.75, "17_5_207_3": 0.0, "18_HERBE_207_3": 0.0, "19_A_207_3": 1.0, "20_CHAT_207_3": 0.0, "21_2,38-_207_3": 0.4, "22_Remise_207_3": 0.5, "23_Immediate_207_3": 0.2222222222222222, "24_MANQUE_207_3": 0.0, "25_11,90_207_3": 0.2, "26_24CM_207_3": 0.75, "27_109,62_207_3": 0.16666666666666666, "28_Total_207_3": 0.0, "29_Alimentaire_207_3": 0.0, "30_2,99x2_207_3": 0.5, "31_5,98_207_3": 0.25, "32_4_207_3": 1.0, "33_GORGONZOL_207_3": 0.3333333333333333, "34_1,90_207_3": 0.25, "35_200G_207_3": 0.25, "36_MELANGE_207_3": 0.0, "37_4_207_3": 2.0, "38_GOURM_207_3": 0.2, "39_2,99_207_3": 0.5, "40_BOIS.PAST._207_3": 0.1, "41_GRENADE_207_3": 0.0, "42_4_207_3": 1.0, "43_2,35_207_3": 0.5, "44_4_207_3": 1.0, "45_TAILLEFINE_207_3": 0.1, "46_BRASSE_207_3": 0.0, "0_A_87_2": 0.0, "1_BIENTOT_87_2": 0.0, "2_MERCI_87_2": 0.0, "3_DE_87_2": 0.0, "4_VOTRE_87_2": 0.0, "5_VISITE_87_2": 0.0, "6_0006_87_2": 0.25, "7_003_87_2": 0.0, "8_000233_87_2": 0.0, "9_16/02/2017_87_2": 0.0, "10_17:11:09_87_2": 0.125, "11_produits_87_2": 0.0, "12_5%_87_2": 0.0, "13_Carrefou_87_2": 0.0, "14_0.07\u20ac_87_2": 0.4, "15_Details:_87_2": 0.0, "0_ _receipt_00292_0": 1.0, "0_0005_453_1": 0.25, "1_10/03/2017_453_1": 0.0, "2_004_453_1": 1.0, "3_000189_453_1": 0.3333333333333333, "4_15:12:18_453_1": 0.0, "5_10.11\u20ac_453_1": 0.3333333333333333, "6_CARTE_453_1": 0.0, "7_BANCAIRE_453_1": 0.0, "8_EMV_453_1": 0.0, "9_EUR_453_1": 0.0, "10_(S)_453_1": 0.6666666666666666, "11_5_453_1": 0.0, "12_ARTICLE_453_1": 0.0, "13_TOTAL_453_1": 0.0, "14_A_453_1": 0.0, "15_PAYER_453_1": 0.0, "16_1110.11\u20ac_453_1": 0.375, "17_CHOCOLAT_453_1": 0.0, "18_*X16_453_1": 0.0, "19_BN_453_1": 0.5, "20_1.23\u20ac_453_1": 0.4, "21_2.33\u20ac_453_1": 0.4, "22_0.6364_453_1": 0.0, "23_x_453_1": 0.0, "24_2.20\u20ac_453_1": 0.4, "25_*BANANE_453_1": 0.2857142857142857, "26_BIO_453_1": 0.0, "27_1.40\u20ac_453_1": 0.4, "28_*50ML_453_1": 0.2, "29_DEO_453_1": 0.3333333333333333, "30_BIL.NAT.P_453_1": 0.0, "31_333.91\u20ac_453_1": 0.2857142857142857, "32_x110_453_1": 0.25, "33_MOUCHOIR_453_1": 0.25, "34_CRF._453_1": 0.0, "35_111.24\u20ac_453_1": 0.2857142857142857, "0_ _receipt_00094_0": 2.0, "0_A_326_2": 0.0, "1_BIENTOT_326_2": 0.14285714285714285, "0_Items,_receipt_00351_1": 0.8333333333333334, "1_2_receipt_00351_1": 0.0, "2_34,500_receipt_00351_1": 0.0, "3_BCA_receipt_00351_1": 0.0, "4_CARD_receipt_00351_1": 0.5, "5_Total_receipt_00351_1": 0.0, "6_3,137_receipt_00351_1": 0.6, "7_P.Rest_receipt_00351_1": 0.3333333333333333, "8_10_receipt_00351_1": 1.0, "9_%_receipt_00351_1": 1.0, "10_31,363_receipt_00351_1": 0.16666666666666666, "11_Pengenaan_receipt_00351_1": 0.7777777777777778, "12_Dasar_receipt_00351_1": 1.0, "13_Pajak_receipt_00351_1": 0.2, "0_BIENTOT_23_1": 0.0, "1_MERCI_23_1": 0.0, "2_DE_23_1": 0.0, "3_VOTRE_23_1": 0.0, "4_VISITE_23_1": 0.0, "5_0008_23_1": 0.0, "6_002_23_1": 0.0, "7_000282_23_1": 0.0, "8_09/06/2016_23_1": 0.0, "9_20:00:19_23_1": 0.125, "10_CARTE_23_1": 0.0, "11_BANCAIRE_23_1": 0.0, "12_EMV_23_1": 0.0, "13_EUR_23_1": 0.0, "14_7.62\u20ac_23_1": 0.4, "15_2_23_1": 0.0, "16_ARTICLE_23_1": 0.0, "17_(S)_23_1": 0.3333333333333333, "18_TOTAL_23_1": 0.0, "19_A_23_1": 1.0, "20_PAYER_23_1": 0.0, "21_7.62\u20ac_23_1": 0.6, "22_PIZZA_23_1": 0.2, "23_4SAISONS_23_1": 0.125, "24_CRF_23_1": 0.0, "25_2.72\u20ac_23_1": 0.4, "26_D.PIZZA_23_1": 0.8571428571428571, "27_4_23_1": 0.0, "28_FORMAGGI_23_1": 0.375, "29_4.90\u20ac_23_1": 0.4, "30_DESCRIPTION_23_1": 0.09090909090909091, "31_QTE_23_1": 1.0, "32_MONTANT_23_1": 0.14285714285714285, "0_0_receipt_00052_1": 0.0, "1_30000_receipt_00052_1": 0.0, "2_Tunai_receipt_00052_1": 0.0, "3_30000_receipt_00052_1": 0.0, "4_Sub_receipt_00052_1": 0.0, "5_Total_receipt_00052_1": 0.0, "0_BIENTOT_303_1": 0.0, "1_MERCI_303_1": 0.0, "2_DE_303_1": 0.0, "3_VOTRE_303_1": 0.0, "4_VISITE_303_1": 0.0, "5_0003_303_1": 0.5, "6_000104_303_1": 0.0, "7_003_303_1": 0.0, "8_30/06/2017_303_1": 0.0, "9_11:41:34_303_1": 0.0, "10_EMV_303_1": 0.6666666666666666, "11_CB_303_1": 1.0, "12_SANS_303_1": 0.0, "13_CONTACT_303_1": 0.0, "14_EUR_303_1": 0.0, "15_8.42\u20ac_303_1": 0.4, "16_ANTICLE(S)_303_1": 0.2, "17_3_303_1": 1.0, "18_TOTAL_303_1": 0.0, "19_A_303_1": 0.0, "20_PAYER_303_1": 0.0, "21_8.42\u20ac_303_1": 0.6, "22_*SALAD_303_1": 0.16666666666666666, "23_ITAL.PAT/PLT_303_1": 0.0, "24_2.50\u20ac_303_1": 0.4, "25_*CAKE_303_1": 0.0, "26_IPERITI_303_1": 0.2857142857142857, "27_LEGUM_303_1": 0.2, "28_2.88\u20ac_303_1": 0.4, "29_*250G_303_1": 0.6, "30_FRUIT_303_1": 0.0, "31_ABOULE_303_1": 0.0, "32_3.04\u20ac_303_1": 1.0, "0_0_receipt_00169_0": 0.0, "1_1_receipt_00169_0": 1.0, "2_*CARAMEL DIP*_receipt_00169_0": 0.3076923076923077, "3_23,000_receipt_00169_0": 0.0, "4_23,000_receipt_00169_0": 0.3333333333333333, "5_1_receipt_00169_0": 1.0, "0_63,000_receipt_00606_0": 0.5, "1_WARISAN_receipt_00606_0": 0.2857142857142857, "2_FREE_receipt_00606_0": 0.5, "3_DRINK_receipt_00606_0": 0.6, "4_1_receipt_00606_0": 3.0, "5_2_receipt_00606_0": 1.0, "6_63,000_receipt_00606_0": 0.3333333333333333, "7_2_receipt_00606_0": 1.0, "8_FREE_receipt_00606_0": 0.5, "9_DRINK_receipt_00606_0": 0.0, "10_1_receipt_00606_0": 0.0, "11_WARISAN_receipt_00606_0": 0.14285714285714285, "0_Vous_245_2": 0.0, "1_remercie_245_2": 0.0, "2_de_245_2": 0.0, "3_votre_245_2": 0.0, "4_visite_245_2": 0.0, "5_CARREFOUR_245_2": 0.0, "6_MARKET_245_2": 0.0, "7_AYTRE_245_2": 0.0, "8_0102_245_2": 0.0, "9_004_245_2": 0.0, "10_000078_245_2": 0.0, "11_02/01/2017_245_2": 0.0, "12_18:15:20_245_2": 0.0, "13_CARTE_245_2": 0.0, "14_BANCAIRE_245_2": 0.0, "15_EMV_245_2": 0.0, "16_EUR_245_2": 0.0, "17_32.84\u20ac_245_2": 0.3333333333333333, "18_(S)_245_2": 0.6666666666666666, "19_ARTICLE_245_2": 0.0, "20_14_245_2": 1.0, "21_TOTAL_245_2": 0.0, "22_PAYER_245_2": 0.0, "23_32.84\u20ac_245_2": 0.5, "24_A_245_2": 1.0, "25_7.50\u20ac_245_2": 0.4, "26_TOTAL_245_2": 0.0, "27_NON_245_2": 1.0, "28_ALIMENTAIRE_245_2": 0.0, "29_7.50E_245_2": 0.2, "30_SACS_245_2": 0.25, "31_24+SYNTH_245_2": 0.375, "0_E.Leclerc_649_1": 0.0, "1_Avec_649_1": 0.75, "2_la_649_1": 0.5, "3_carte_649_1": 0.2, "4_0.71_649_1": 1.0, "5_4.28_649_1": 0.75, "6_3.57_649_1": 0.25, "7_20%00_649_1": 0.2, "8_5_649_1": 1.0, "9_1.14_649_1": 0.25, "10_5850_649_1": 0.0, "11_0.06_649_1": 0.5, "12_2_649_1": 0.0, "13_1.08_649_1": 0.0, "14_Code_649_1": 0.0, "15_TTC_649_1": 0.6666666666666666, "16_HT_649_1": 0.5, "17_TVA_649_1": 0.6666666666666666, "18_0.00_649_1": 0.0, "19_Rendu_649_1": 0.4, "20_5.42_649_1": 0.0, "21_Especes_649_1": 0.0, "22_articles_649_1": 0.0, "23_5.42_649_1": 0.0, "24_3_649_1": 0.0, "25_Total_649_1": 0.0, "26_2.43_649_1": 0.25, "27_ATO_649_1": 0.0, "28_200OM_649_1": 0.4, "29_REXONA_649_1": 0.0, "30_WOMEN_649_1": 0.0, "31_MUSC_649_1": 1.0, "32_5_649_1": 1.0, "33_DEO_649_1": 0.3333333333333333, "34_ENVIRON.50L,15P_649_1": 0.2, "35_1.85_649_1": 0.25, "36_5_649_1": 1.0, "37_POUB.NF_649_1": 0.2857142857142857, "38_15SACS_649_1": 0.16666666666666666, "39_1.14_649_1": 0.25, "40_2_649_1": 0.0, "41_PRE-CUIT_649_1": 0.125, "42_MIN_649_1": 0.3333333333333333, "43_BLE_649_1": 0.0, "44_10_649_1": 0.0, "0_magasins_616_2": 0.25, "1_participant_616_2": 0.0, "2_programme_616_2": 0.1111111111111111, "3_dans_616_2": 0.0, "4_tous_616_2": 0.0, "5_les_616_2": 0.3333333333333333, "6_U_616_2": 1.0, "7_au_616_2": 0.0, "8_le_616_2": 0.0, "9_lendemain,_616_2": 0.2, "10_sur_616_2": 0.0, "11_presentation_616_2": 0.0, "12_de_616_2": 0.0, "13_votre_616_2": 0.4, "14_Carte_616_2": 0.0, "15_U._616_2": 1.0, "16_Les_616_2": 0.0, "17_obtenus_616_2": 0.0, "18_jour,_616_2": 0.2, "19_Carte_616_2": 0.2, "20_U_616_2": 1.0, "21_ce_616_2": 1.5, "22_seront_616_2": 0.16666666666666666, "23_a_616_2": 0.0, "24_valoir_616_2": 0.0, "25_\u20ac_616_2": 0.0, "26_des_616_2": 0.3333333333333333, "27_VOTRE_616_2": 0.0, "28_NOUVEAU_616_2": 0.0, "29_SOLDE_616_2": 0.2, "30_CARTE_616_2": 0.0, "31_5.39_616_2": 0.0, "32_\u20ac_616_2": 0.0, "33_U_616_2": 1.0, "34_\u20ac_616_2": 1.0, "35_\u20ac_616_2": 1.0, "36_CARTE_616_2": 0.2, "37_OBTENUS_616_2": 0.0, "38_0,30_616_2": 0.25, "39_VOS_616_2": 2.0, "40_U_616_2": 1.0, "41_\u20ac_616_2": 2.0, "42_VOTRE_616_2": 0.0, "43_SOLDE_616_2": 0.0, "44_CARTE_616_2": 0.0, "45_PRECEDENT_616_2": 0.0, "46_5,09_616_2": 0.25, "47_\u20ac_616_2": 0.0, "48_U_616_2": 1.0, "49_\u20ac_616_2": 0.0, "50_ACHATS_616_2": 0.0, "51_19,09_616_2": 0.2, "52_MONTANT_616_2": 0.14285714285714285, "53_\u20ac_616_2": 1.0, "54_0,20_616_2": 0.25, "55_GRACE_616_2": 0.0, "56_AVANTAGE_616_2": 0.125, "57_VISITE_616_2": 0.0, "58_0,20_616_2": 0.25, "59_\u20ac_616_2": 0.0, "60_\u20ac_616_2": 0.0, "61_0.10_616_2": 0.0, "62_GRACE_616_2": 0.0, "63_A_616_2": 0.0, "64_VOTRE_616_2": 0.0, "65_AVANTAGE_616_2": 0.25, "66_VISITE_616_2": 0.0, "67_\u20ac_616_2": 0.0, "68_0.10_616_2": 0.0, "69_\u20ac_616_2": 0.0, "70_VOS_616_2": 1.0, "71_CARTE_616_2": 0.0, "72_ACHAT_616_2": 0.0, "73_\u20ac_616_2": 1.0, "74_U_616_2": 1.0, "75_8939XXXXX26753_616_2": 0.2857142857142857, "76_No_616_2": 0.0, "77_CARTE_616_2": 0.0, "78_MAGASIN_616_2": 0.42857142857142855, "79_90130_616_2": 0.0, "80_CODE_616_2": 0.0, "81_AVANTAGES_616_2": 0.1111111111111111, "82_CARTE_616_2": 0.0, "83_U_616_2": 1.0, "0_Vignette(s)_513_3": 0.0, "1_par_513_3": 0.0, "2_operation_513_3": 0.0, "3_Bravo_513_3": 0.2, "4_vous_513_3": 0.0, "5_avez_513_3": 0.0, "6_cumule_513_3": 0.0, "7_3.0_513_3": 0.0, "8_A_513_3": 0.0, "9_BIENTOT_513_3": 0.0, "10_Vous_513_3": 0.0, "11_remercie_513_3": 0.0, "12_de_513_3": 0.0, "13_votre_513_3": 0.0, "14_visite_513_3": 0.0, "15_CARREFOUR_513_3": 0.0, "16_MARKET_513_3": 0.0, "17_AYTRE_513_3": 0.0, "18_repris_513_3": 0.0, "19_echange_513_3": 0.0, "20_Solde_513_3": 0.0, "21_ni_513_3": 0.0, "22_ni_513_3": 0.0, "0_Change_receipt_00051_1": 0.16666666666666666, "1_17.000_receipt_00051_1": 0.0, "2_Cash_receipt_00051_1": 0.0, "3_50.000_receipt_00051_1": 0.0, "4_Total_receipt_00051_1": 0.0, "5_33.000_receipt_00051_1": 0.0, "6_(10.0%)_receipt_00051_1": 0.14285714285714285, "7_Tax_receipt_00051_1": 0.3333333333333333, "8_3.000_receipt_00051_1": 0.0, "9_Subtotal_receipt_00051_1": 0.0, "10_30.000_receipt_00051_1": 0.0, "0_ _receipt_00113_0": 3.0, "0_3,18_620_0": 0.25, "1_REBLOCH.AOP_620_0": 0.0, "2_LT_620_0": 1.0, "3_CRU_620_0": 0.0, "4_28&MG_620_0": 0.6, "5_USAV._620_0": 0.6, "6_\u20ac_620_0": 1.0, "7_STE_620_0": 0.0, "8_MAURE_620_0": 0.2, "9_SOIGNON_620_0": 0.2857142857142857, "10_BUCH.23%200G_620_0": 0.25, "11_1,75_620_0": 0.5, "12_\u20ac_620_0": 1.0, "13_2,00_620_0": 0.25, "14_PAIN_620_0": 0.0, "15_PAVE_620_0": 0.5, "16_MULTI-CEREALES_620_0": 0.14285714285714285, "17_\u20ac_620_0": 0.0, "18_13/04/17_620_0": 0.125, "19_16:18_620_0": 0.0, "20_11_620_0": 1.0, "21_241501_620_0": 0.0, "22_302_620_0": 0.0, "23_AC_620_0": 1.0, "24_Date_620_0": 0.0, "25_Operateur_620_0": 0.0, "26_Heure_620_0": 0.0, "27_TPV_620_0": 0.6666666666666666, "28_Ticket_620_0": 0.0, "29_Le_620_0": 0.0, "30_dinanche_620_0": 0.0, "31_de_620_0": 0.0, "32_8h30_620_0": 0.0, "33_a_620_0": 1.0, "34_12h30_620_0": 0.2, "35_20h00_620_0": 0.0, "36_8h30_620_0": 0.0, "37_a_620_0": 1.0, "38_Tel_620_0": 0.3333333333333333, "39_04.66.35.36.30_620_0": 0.0, "40_30310_620_0": 0.0, "41_VERGEZE_620_0": 0.0, "42_Codognan_620_0": 0.125, "43_de_620_0": 0.0, "44_Route_620_0": 0.2, "0_:_154_0": 1.0, "1_Tel_154_0": 0.0, "2_17000_154_0": 0.0, "3_LA_154_0": 0.5, "4_ROCHELLE_154_0": 0.0, "5_33_154_0": 0.0, "6_RUE_154_0": 0.0, "7_DE_154_0": 0.0, "8_SCIERIE_154_0": 0.0, "9_LA_154_0": 0.0, "10_CRF-CITY_154_0": 0.0, "11_ROCHELLE_154_0": 0.0, "12_LA_154_0": 0.0, "0_A_106_3": 0.0, "1_BIENTOT_106_3": 0.0, "2_MERCI_106_3": 0.0, "3_DE_106_3": 0.0, "4_VOTRE_106_3": 0.0, "5_VISITE_106_3": 0.0, "6_0010_106_3": 1.0, "7_003_106_3": 0.0, "8_000254_106_3": 0.0, "9_08/08/2016_106_3": 0.1, "10_17:28:01_106_3": 0.0, "11_EMMENTAL_106_3": 0.0, "12_RAPE_106_3": 0.0, "13_100G_106_3": 0.25, "14_0.10\u20ac_106_3": 0.4, "0_ _receipt_00187_0": 4.0, "0_A_555_2": 0.0, "1_BIENTOT_555_2": 0.0, "2_MERCI_555_2": 0.0, "3_DE_555_2": 0.0, "4_VOTRE_555_2": 0.0, "5_VISITE_555_2": 0.0, "6_28/03/2017_555_2": 0.0, "7_12:31:29_555_2": 0.0, "8_0005_555_2": 0.25, "9_001_555_2": 1.0, "10_000051_555_2": 0.0, "0_km..249_784_0": 0.2857142857142857, "1_ES_784_0": 0.0, "2_SUD_784_0": 0.6666666666666666, "3_Date..._784_0": 0.0, "4_N_784_0": 3.0, "5_RECU_784_0": 0.0, "6_AGEN_784_0": 0.0, "7_Cedex_784_0": 0.0, "8_9_784_0": 0.0, "9_47901_784_0": 0.0, "10_ASF_784_0": 0.0, "11_40037_784_0": 0.0, "12_BP_784_0": 0.0, "0_ARTICLE(S)_490_1": 0.0, "1_11_490_1": 1.0, "2_TOTAL_490_1": 0.0, "3_A_490_1": 0.0, "4_PAYER_490_1": 0.0, "5_-32.78\u20ac_490_1": 0.42857142857142855, "6_TOTAL_490_1": 0.0, "7_ALIMENTAIRE_490_1": 0.0, "8_32.78\u20ac_490_1": 0.3333333333333333, "9_KG_490_1": 0.5, "10_FLT_490_1": 0.0, "11_PLT_490_1": 0.0, "12_JNE_490_1": 0.3333333333333333, "13_HAL_490_1": 0.0, "14_5.93\u20ac_490_1": 0.4, "15_FLT_490_1": 0.0, "16_OIGN_490_1": 0.5, "17_PPRIX_490_1": 0.0, "18_FR_490_1": 0.0, "19_1.89\u20ac_490_1": 0.4, "20_*DANETTE_490_1": 0.0, "21_NOIR_490_1": 0.0, "22_EXTRA_490_1": 0.0, "23_1.00\u20ac_490_1": 0.4, "24_30%_490_1": 0.0, "25_*CREM_490_1": 0.2, "26_UHT_490_1": 0.0, "27_BRK_490_1": 0.0, "28_3_490_1": 1.0, "29_1.82\u20ac_490_1": 0.4, "30_*BQ_490_1": 0.3333333333333333, "31_1KG_490_1": 0.3333333333333333, "32_KIWI_490_1": 0.5, "33_PP_490_1": 1.5, "34_FR_490_1": 0.0, "35_2.29\u20ac_490_1": 0.4, "36_*AMANDE_490_1": 0.14285714285714285, "37_POUDRE_490_1": 0.0, "38_400G_490_1": 0.25, "39_5.85\u20ac_490_1": 0.4, "40_AIL_490_1": 0.0, "41_SEMOULE_490_1": 0.0, "42_1.80\u20ac_490_1": 0.4, "43_*4X100G_490_1": 0.14285714285714285, "44_YOPA_490_1": 0.75, "45_YOPA_490_1": 0.5, "46_2_490_1": 0.0, "47_1.95\u20ac_490_1": 0.4, "48_*400G_490_1": 0.4, "49_NUGGET_490_1": 0.0, "50_DDE_490_1": 0.0, "51_HA_490_1": 0.0, "52_2.91\u20ac_490_1": 0.4, "53_*250G_490_1": 0.4, "54_LT_490_1": 1.0, "55_ECREME_490_1": 0.16666666666666666, "56_BIO_490_1": 0.0, "57_2.84\u20ac_490_1": 0.4, "58_*16X_490_1": 0.25, "59_PANACHE_490_1": 0.0, "60_ANDROS_490_1": 0.0, "61_4.50\u20ac_490_1": 0.4, "0_LU_661_1": 1.5, "1_PETITS_661_1": 0.16666666666666666, "2_COEURS_661_1": 0.0, "3_0.97_661_1": 0.0, "4_EUR_661_1": 0.0, "5_CHO_661_1": 0.3333333333333333, "6_A_661_1": 2.0, "7_P.BEUR_661_1": 0.0, "8_2,50_661_1": 0.25, "9_EUR_661_1": 0.0, "10_PAIN_661_1": 0.25, "11_CHOCOLAT_661_1": 0.0, "12_A_661_1": 1.0, "13_2,85_661_1": 0.5, "14_EUR_661_1": 0.0, "15_LFC_661_1": 0.0, "16_CONSTANCE_661_1": 0.0, "17_CERE_661_1": 0.25, "18_3_661_1": 0.0, "19_A_661_1": 1.0, "20_COTE_661_1": 0.0, "21_D'OR_661_1": 0.0, "22_NOIR_661_1": 0.0, "23_2,22_661_1": 0.25, "24_EUR_661_1": 0.0, "25_BLOC_661_1": 0.0, "26_A_661_1": 1.0, "27_2,06_661_1": 0.25, "28_IVORIA_661_1": 0.3333333333333333, "29_LAIT_661_1": 0.5, "30_AMANDE_661_1": 0.0, "31_C_661_1": 1.0, "32_EUR_661_1": 0.3333333333333333, "33_B_661_1": 1.0, "34_MELON_661_1": 0.0, "35_1,59_661_1": 0.25, "36_EUR_661_1": 0.0, "37_A_661_1": 2.0, "38_MELON_661_1": 0.0, "39_1,59_661_1": 0.25, "40_EUR_661_1": 0.0, "41_A_661_1": 2.0, "42_0546930535_661_1": 0.0, "43_TEL:_661_1": 0.25, "44_17100_661_1": 0.0, "45_SAINTES_661_1": 0.0, "46_COURS_661_1": 0.0, "47_HECTOR_661_1": 0.0, "48_BERLIOZ_661_1": 0.0, "49_SAS_661_1": 0.0, "50_LES_661_1": 0.0, "51_BOIFFIERS_661_1": 0.0, "52_ENTREPRISE_661_1": 0.0, "53_INDEPENDANTE_661_1": 0.0, "0_BIENTOT_421_2": 0.0, "1_MERCI_421_2": 0.0, "2_DE_421_2": 0.0, "3_VOTRE_421_2": 0.0, "4_VISITE_421_2": 0.0, "5_0006_421_2": 0.25, "6_004_421_2": 0.0, "7_28/03/2017_421_2": 0.0, "8_000134_421_2": 0.0, "9_12:23:14_421_2": 0.0, "0_/kg_801_0": 0.0, "1_kg_801_0": 0.5, "2_Vendeur:_801_0": 0.0, "3_4_801_0": 1.0, "4_GHI_801_0": 0.3333333333333333, "5_SLAIN_801_0": 0.0, "6_:_801_0": 2.0, "7_Date_801_0": 0.0, "8_17/07/2017_801_0": 0.4, "9_08:29_801_0": 0.0, "10_Balance:_801_0": 0.0, "11_178_801_0": 0.0, "12_O_801_0": 1.0, "13_Client:_801_0": 0.0, "14_VENDELI_801_0": 0.14285714285714285, "15_CE_801_0": 0.0, "16_EARL_801_0": 0.0, "17_BOGERS_801_0": 0.0, "0_ _receipt_00186_0": 4.0, "0_produits_644_2": 0.0, "1_lidl.fr_644_2": 0.14285714285714285, "2_:_644_2": 1.0, "3_conditions_644_2": 0.0, "4_et_644_2": 0.0, "5_disponibles_644_2": 0.0, "6_detachees_644_2": 0.0, "7_Pieces_644_2": 0.16666666666666666, "8_magasin._644_2": 0.125, "9_voir_644_2": 0.0, "10_conditions_644_2": 0.0, "11_en_644_2": 0.0, "12_pendant_644_2": 0.0, "13_marchandises_644_2": 0.0, "14_un_644_2": 0.0, "15_mois_644_2": 0.0, "16_Retour_644_2": 0.0, "17_bons_644_2": 0.0, "18_d'achats_644_2": 0.0, "19_!_644_2": 0.0, "20_en_644_2": 0.0, "21_courses_644_2": 0.0, "22_gagner_644_2": 0.0, "23_vos_644_2": 0.0, "24_la_644_2": 0.0, "25_valeur_644_2": 0.0, "26_de_644_2": 0.0, "27_de_644_2": 0.0, "28_Payer_644_2": 0.0, "29_tentez_644_2": 0.0, "30_contact_644_2": 0.0, "31_et_644_2": 0.0, "32_sans_644_2": 0.0, "0_HYDROCOCO_receipt_00556_0": 0.0, "1_250ML_receipt_00556_0": 0.4, "2_2_receipt_00556_0": 0.0, "3_6,900_receipt_00556_0": 0.2, "4_13,800_receipt_00556_0": 0.0, "5_Disc._receipt_00556_0": 0.2, "6_-1_receipt_00556_0": 1.0, "7_1_receipt_00556_0": 1.0, "8_1_receipt_00556_0": 2.0, "9_BRANDING_receipt_00556_0": 0.0, "10_KP_receipt_00556_0": 1.0, "11_S_receipt_00556_0": 1.0, "12_1_receipt_00556_0": 0.0, "0_18,000_receipt_00758_1": 0.0, "1_T-CASH_receipt_00758_1": 0.0, "2_4,500_receipt_00758_1": 0.0, "3_T-CASH_receipt_00758_1": 0.5, "4_DISC_receipt_00758_1": 1.0, "5_1_receipt_00758_1": 1.0, "6_ITEMS_receipt_00758_1": 0.4, "7_TOTAL_receipt_00758_1": 1.0, "8_22,500_receipt_00758_1": 0.16666666666666666, "9_TOTAL_receipt_00758_1": 0.2, "10_SALES_receipt_00758_1": 0.0, "11_-1,500_receipt_00758_1": 0.16666666666666666, "12_product_receipt_00758_1": 0.0, "13_Disc_receipt_00758_1": 0.0, "14_24,000_receipt_00758_1": 0.0, "15_TOTAL_receipt_00758_1": 0.2, "16_SUB_receipt_00758_1": 1.0, "0_DE_435_2": 0.0, "1_MERCI_435_2": 0.0, "2_VOTRE_435_2": 0.0, "3_VISITE_435_2": 0.0, "4_0001_435_2": 0.25, "5_004_435_2": 0.0, "6_000013_435_2": 0.0, "7_24/03/2017_435_2": 0.0, "8_09:42:05_435_2": 0.125, "9_produits_435_2": 0.0, "10_5%_435_2": 0.0, "11_Carrefou_435_2": 0.0, "12_0.05\u20ac_435_2": 0.4, "13_Details:_435_2": 0.0, "14_compte_435_2": 0.0, "15_votre_435_2": 0.0, "16_fidelite_435_2": 0.0, "17_Carrefour._435_2": 0.0, "0_BIENTOT_25_1": 0.0, "1_MERCI_25_1": 0.0, "2_DE_25_1": 0.0, "3_VOTRE_25_1": 0.0, "4_VISITE_25_1": 0.0, "5_0004_25_1": 0.0, "6_004_25_1": 0.0, "7_000663_25_1": 0.3333333333333333, "8_16/01/2017_25_1": 0.0, "9_19:18:55_25_1": 0.0, "10_CARTE_25_1": 0.0, "11_BANCAIRE_25_1": 0.0, "12_EMV_25_1": 0.0, "13_EUR_25_1": 0.0, "14_127.721\u20ac_25_1": 0.375, "15_3_25_1": 0.0, "16_ARTICLE_25_1": 0.0, "17_(S)_25_1": 1.0, "18_TOTAL_25_1": 0.0, "19_PAYER_25_1": 0.0, "20_A_25_1": 0.0, "21_27.72\u20ac_25_1": 0.5, "22_*PIZZA_25_1": 0.6666666666666666, "23_4SAISONS_25_1": 0.25, "24_CRF_25_1": 0.0, "25_2.72\u20ac_25_1": 0.4, "26_*PIZZ.CHEV.CRF_25_1": 0.35714285714285715, "27_440G_25_1": 0.25, "28_2.98\u20ac_25_1": 0.4, "29_*D.PIZZA_25_1": 0.375, "30_4_25_1": 0.0, "31_FORMAGGI_25_1": 0.25, "32_4.90\u20ac_25_1": 0.4, "33_*75_25_1": 0.3333333333333333, "34_MONBAZILLAC_25_1": 0.18181818181818182, "35_ML_25_1": 0.5, "36_17.14\u20ac_25_1": 0.3333333333333333, "0_A_495_1": 0.0, "1_BIENTOT_495_1": 0.0, "2_Vous_495_1": 0.0, "3_remercie_495_1": 0.0, "4_de_495_1": 0.0, "5_votre_495_1": 0.0, "6_visite_495_1": 0.0, "7_CARREFOUR_495_1": 0.0, "8_MARKET_495_1": 0.0, "9_AYTRE_495_1": 0.0, "10_repris_495_1": 0.0, "11_Solde_495_1": 0.0, "12_echange_495_1": 0.0, "13_ni_495_1": 0.0, "14_ni_495_1": 0.0, "15_0104_495_1": 0.0, "16_007_495_1": 0.0, "17_14/01/2017_495_1": 0.0, "18_000179_495_1": 0.0, "19_17:09:54_495_1": 0.0, "20_CARTE_495_1": 0.0, "21_BANCAIRE_495_1": 0.0, "22_EMV_495_1": 0.3333333333333333, "23_EUR_495_1": 0.0, "24_10.00\u20ac_495_1": 0.3333333333333333, "25_1_495_1": 0.0, "26_ARTICLE_495_1": 0.0, "27_(S)_495_1": 0.6666666666666666, "28_TOTAL_495_1": 0.0, "29_A_495_1": 0.0, "30_PAYER_495_1": 0.0, "31_10.00\u20ac_495_1": 0.3333333333333333, "32_TOTAL_495_1": 0.8, "33_ALIMENTAIRE_495_1": 0.2727272727272727, "34_10.00\u20ac_495_1": 0.3333333333333333, "35_PINEAU_495_1": 0.0, "36_THIBAULT_495_1": 0.0, "37_BL_495_1": 0.0, "38_10.00\u20ac_495_1": 0.3333333333333333, "0_20,500.00_receipt_00584_1": 0.2222222222222222, "1_Kembalian_receipt_00584_1": 0.1111111111111111, "2_79,500_receipt_00584_1": 0.5, "3_TUNAI_receipt_00584_1": 0.2, "4_-250.00_receipt_00584_1": 0.2857142857142857, "5_Pembulatan_receipt_00584_1": 0.0, "6_Total_receipt_00584_1": 0.0, "7_79,750.00_receipt_00584_1": 0.2222222222222222, "8_Amount_receipt_00584_1": 0.0, "9_7,250.00_receipt_00584_1": 0.25, "10_Tax_receipt_00584_1": 0.3333333333333333, "11_72,500.00_receipt_00584_1": 0.1111111111111111, "12_Subtotal_receipt_00584_1": 0.25, "13_KEWPIE_receipt_00584_1": 0.5, "14_25ML_receipt_00584_1": 1.0, "15_SPICY_receipt_00584_1": 1.0, "16_TOMATOES_receipt_00584_1": 0.0, "17_1.00_receipt_00584_1": 0.5, "18_4,500.00_receipt_00584_1": 0.25, "19_4,500.00_receipt_00584_1": 0.375, "20_SALAD_receipt_00584_1": 0.0, "21_DRESSING_receipt_00584_1": 0.0, "0_50,000_receipt_00594_1": 1.0, "1_CASH_receipt_00594_1": 0.25, "0_3_receipt_00461_1": 1.0, "1_Items,_receipt_00461_1": 0.5, "2_Kembali_receipt_00461_1": 0.5714285714285714, "3_7,000_receipt_00461_1": 0.4, "4_Cash_receipt_00461_1": 1.0, "5_60,000_receipt_00461_1": 1.0, "6_Total_receipt_00461_1": 1.0, "7_53,000_receipt_00461_1": 0.5, "8_P.Rest_receipt_00461_1": 0.3333333333333333, "9_10_receipt_00461_1": 1.0, "10_:_receipt_00461_1": 1.0, "11_4,818_receipt_00461_1": 1.0, "12_Sub_receipt_00461_1": 1.0, "13_Total_receipt_00461_1": 0.6, "14_48,182_receipt_00461_1": 1.0, "0_1 Total_receipt_00576_0": 0.42857142857142855, "1_23,000_receipt_00576_0": 0.3333333333333333, "2_PAJAK_receipt_00576_0": 0.8, "3_10%_receipt_00576_0": 0.6666666666666666, "4_2,091_receipt_00576_0": 1.0, "5_Subtotal_receipt_00576_0": 0.5, "6_20,909_receipt_00576_0": 0.5, "7_MANGGO_receipt_00576_0": 0.5, "8_SMOOTHIE_receipt_00576_0": 1.0, "9_1_receipt_00576_0": 0.0, "10_20,909_receipt_00576_0": 0.8333333333333334, "0_points_724_3": 0.0, "1_Total_724_3": 0.0, "2_Points_724_3": 0.0, "3_55_724_3": 1.0, "4_points_724_3": 0.0, "5_SAUCE_724_3": 0.0, "6_PESTO_724_3": 0.0, "7_ROU_724_3": 0.0, "8_x_724_3": 1.0, "9_5_724_3": 1.0, "10_1_724_3": 0.0, "11_points_724_3": 0.0, "12_MINICAK_724_3": 0.0, "13_FRAC.S/x_724_3": 0.375, "14_5_724_3": 1.0, "15_points_724_3": 0.0, "16_MINI_724_3": 0.0, "17_CAKE_724_3": 0.0, "18_1_724_3": 0.0, "19_5_724_3": 1.0, "20_points_724_3": 0.0, "21_PROVENCAL_724_3": 0.0, "22_SAUCE_724_3": 0.0, "23_x_724_3": 3.0, "24_5_724_3": 1.0, "25_points_724_3": 0.0, "26_SAUCE_724_3": 0.0, "27_PISTOU_724_3": 0.16666666666666666, "28_19_724_3": 1.0, "29_x_724_3": 1.0, "30_5_724_3": 1.0, "31_1_724_3": 0.0, "32_points_724_3": 0.0, "33_FUSILLI_724_3": 0.14285714285714285, "34_500G_724_3": 0.5, "35_SS_724_3": 1.0, "36_x_724_3": 1.0, "37_1_724_3": 0.0, "38_5_724_3": 1.0, "39_EMMENTAL_724_3": 0.25, "40_RAPE Z X_724_3": 0.25, "41_points_724_3": 0.0, "42_2._724_3": 1.0, "43_10_724_3": 1.0, "44_A_724_3": 2.0, "45_points_724_3": 0.0, "46_CAMEMBERT_724_3": 0.0, "47_BE0_724_3": 0.6666666666666666, "48_1_724_3": 0.0, "49_X_724_3": 0.0, "50_5_724_3": 1.0, "51_points_724_3": 0.0, "52_ORANGE_724_3": 0.0, "53_PUR_724_3": 0.0, "54_JUS_724_3": 0.6666666666666666, "55_x_724_3": 1.0, "56_5_724_3": 1.0, "57_points_724_3": 0.0, "58_BOUILLOTE_724_3": 0.0, "59_5_724_3": 1.0, "60_1_724_3": 0.0, "61_avantages_724_3": 0.0, "62_points_724_3": 0.0, "63_Detail_724_3": 0.0, "64_***_724_3": 1.0, "65_Avantages_724_3": 0.0, "66_Total_724_3": 0.0, "67_-1.02\u20ac_724_3": 0.3333333333333333, "0_Tel_9_0": 0.0, "1_17000_9_0": 0.0, "2_LA_9_0": 0.0, "3_ROCHELLE_9_0": 0.0, "4_33_9_0": 0.0, "5_RUE_9_0": 0.0, "6_DE_9_0": 0.0, "7_LA_9_0": 1.5, "8_SCIERIE_9_0": 0.0, "9_CRF-CITY_9_0": 0.125, "10_LA_9_0": 0.0, "11_ROCHELLE_9_0": 0.0, "0_CHANGED_receipt_00467_1": 0.0, "1_30.000_receipt_00467_1": 0.0, "2_52.000_receipt_00467_1": 0.0, "3_CASH_receipt_00467_1": 0.0, "4_22.000_receipt_00467_1": 0.0, "5_SUB-TOTAL_receipt_00467_1": 0.0, "6_22.000_receipt_00467_1": 0.0, "7_@22.000_receipt_00467_1": 0.0, "8_1_receipt_00467_1": 0.0, "0_36.000_receipt_00271_0": 0.0, "1_Total_receipt_00271_0": 0.2, "2_3_receipt_00271_0": 1.0, "3_1.500_receipt_00271_0": 0.0, "4_UP_receipt_00271_0": 1.5, "5_Orange_receipt_00271_0": 0.16666666666666666, "6_16_receipt_00271_0": 1.0, "7_1.500_receipt_00271_0": 0.2, "8_1_receipt_00271_0": 0.0, "9_Extra_receipt_00271_0": 0.2, "10_RB_receipt_00271_0": 0.5, "11_16_receipt_00271_0": 1.5, "12_4.000_receipt_00271_0": 0.2, "13_4.000_receipt_00271_0": 0.0, "14_1_receipt_00271_0": 1.0, "15_30.500_receipt_00271_0": 0.0, "16_1_receipt_00271_0": 0.0, "17_1GA+2CK+RW+RB12_receipt_00271_0": 0.26666666666666666, "18_30.500_receipt_00271_0": 0.0, "0_137,478_receipt_00284_1": 0.7142857142857143, "1_MANDIRI_receipt_00284_1": 0.42857142857142855, "2_VISA_receipt_00284_1": 1.0, "3_:2_receipt_00284_1": 1.0, "4_:2_receipt_00284_1": 0.5, "5_Total_receipt_00284_1": 0.6, "6_item_receipt_00284_1": 0.5, "7_TOTAL_receipt_00284_1": 0.0, "8_13,653_receipt_00284_1": 0.16666666666666666, "9_Tax_receipt_00284_1": 0.0, "10_9,525_receipt_00284_1": 0.4, "11_Service_receipt_00284_1": 0.0, "12_Charce_receipt_00284_1": 0.5, "13_114,300_receipt_00284_1": 0.0, "14_SUBTOTAL_receipt_00284_1": 0.0, "0_26,400_receipt_00063_1": 0.16666666666666666, "1_CASH_receipt_00063_1": 0.0, "2_SUBTOTAL_receipt_00063_1": 0.0, "3_AMOUNT_receipt_00063_1": 0.0, "4_-2,400_receipt_00063_1": 0.0, "5_DISC_receipt_00063_1": 0.0, "6_ITEM_receipt_00063_1": 0.0, "7_-30.000%_receipt_00063_1": 0.0, "8_BANANA_receipt_00063_1": 0.0, "9_KISMIS_receipt_00063_1": 0.16666666666666666, "10_8,000_receipt_00063_1": 0.0, "11_AMOUNT_receipt_00063_1": 0.0, "12_-2,200_receipt_00063_1": 0.16666666666666666, "13_DISC_receipt_00063_1": 0.0, "14_ITEM_receipt_00063_1": 0.0, "15_-20.000%_receipt_00063_1": 0.125, "16_COKLAT_receipt_00063_1": 0.0, "17_KEJU_receipt_00063_1": 0.0, "18_11,000_receipt_00063_1": 0.0, "19_AMOUNT_receipt_00063_1": 0.0, "20_-2,300_receipt_00063_1": 0.16666666666666666, "21_DISC_receipt_00063_1": 0.0, "22_ITEM_receipt_00063_1": 0.0, "23_-20.000%_receipt_00063_1": 0.125, "24_PIS_receipt_00063_1": 0.0, "25_COK_receipt_00063_1": 1.0, "26_KEJU_receipt_00063_1": 0.0, "27_11,500_receipt_00063_1": 0.0, "0_BIENTOT_357_2": 0.0, "0_5,454_receipt_00208_1": 0.2, "1_TAX_receipt_00208_1": 0.0, "2_SUBTOTAL_receipt_00208_1": 0.125, "3_1_receipt_00208_1": 1.0, "4_SALAD_receipt_00208_1": 0.2, "5_BAR_receipt_00208_1": 0.0, "6_50%_receipt_00208_1": 0.0, "7_17,273_receipt_00208_1": 0.0, "8_1_receipt_00208_1": 1.0, "9_SOUP_receipt_00208_1": 0.0, "10_50%_receipt_00208_1": 0.3333333333333333, "11_7,273_receipt_00208_1": 0.2, "12_1_receipt_00208_1": 1.0, "13_TROPICAL_receipt_00208_1": 0.125, "14_PUNCH_receipt_00208_1": 0.2, "15_30,000_receipt_00208_1": 0.0, "0_ _receipt_00457_0": 2.0, "0_A_334_1": 0.0, "1_BIENTOT_334_1": 0.0, "2_VOTRE_334_1": 0.0, "3_VISITE_334_1": 0.0, "4_MERCI_334_1": 0.0, "5_DE_334_1": 0.0, "6_21/06/2017_334_1": 0.0, "7_12:42:11_334_1": 0.0, "8_0004_334_1": 0.0, "9_004_334_1": 0.3333333333333333, "10_000110_334_1": 0.0, "11_CB_334_1": 0.0, "12_EMV_334_1": 0.0, "13_SANS_334_1": 0.0, "14_CONTACT_334_1": 0.0, "15_EUR_334_1": 0.0, "16_8.05\u20ac_334_1": 0.4, "17_(S)_334_1": 1.0, "18_8.05\u20ac_334_1": 0.4, "19_ARTICLE_334_1": 0.0, "20_TOTAL_334_1": 0.0, "21_A_334_1": 0.0, "22_PAYER_334_1": 0.0, "23_VANI_334_1": 0.5, "24_*VACHE_334_1": 0.3333333333333333, "25_A_334_1": 0.0, "26_BOIRE_334_1": 0.0, "27_2.07\u20ac_334_1": 0.4, "28_*BUBBLES_334_1": 0.125, "29_LEMON&LIME_334_1": 0.4, "30_1.56\u20ac_334_1": 0.0, "31_SALADE_334_1": 0.0, "32_SAUNON_334_1": 0.16666666666666666, "33_4.42\u20ac_334_1": 0.4, "34_*2406_334_1": 0.2, "0_40,62_808_1": 0.0, "1_Total_808_1": 0.0, "2_brut_808_1": 0.0, "3_HT:_808_1": 0.0, "4_1,00_808_1": 0.0, "5_6,99_808_1": 0.25, "6_JB_808_1": 0.0, "7_HUILE_808_1": 0.0, "8_OLIVE_808_1": 0.0, "9_VIERGE_808_1": 0.0, "10_EXT_808_1": 0.0, "11_1,00_808_1": 0.25, "12_4,99_808_1": 0.0, "13_JB_808_1": 0.0, "14_HUILE_808_1": 0.0, "15_D'OLIVE_808_1": 0.0, "16_EXTRA_808_1": 0.0, "17_FR_808_1": 0.0, "18_1,00_808_1": 0.25, "19_2,59_808_1": 0.5, "20_JB_808_1": 0.0, "21_CUBE_808_1": 0.0, "22_LEG_808_1": 0.0, "23_BOUIL_808_1": 0.4, "24_DEGRAIS_808_1": 0.0, "25_1,00_808_1": 0.0, "26_2,59_808_1": 0.5, "27_JB_808_1": 0.0, "28_BOUIL_808_1": 0.0, "29_CUBE_808_1": 0.0, "30_LEG_808_1": 0.0, "31_DEGRAIS_808_1": 0.0, "32_1,00_808_1": 0.0, "33_1,99_808_1": 1.0, "34_JB_808_1": 0.0, "35_BOUIL_808_1": 0.2, "36_CUBE_808_1": 0.0, "37_POULE_808_1": 0.0, "38_SHDP*_808_1": 0.4, "39_1,00_808_1": 0.25, "40_1,99_808_1": 0.5, "41_JB_808_1": 0.0, "42_BOUIL_808_1": 0.2, "43_CUBE_808_1": 0.0, "44_POULE_808_1": 0.0, "45_SHDP*_808_1": 0.4, "46_1,00_808_1": 0.25, "47_1,00_808_1": 0.0, "48_JB_808_1": 0.0, "49_THE_808_1": 0.0, "50_NOIR&ROOIBOS_808_1": 0.0, "51_TUTTI_808_1": 0.0, "52_English_808_1": 0.0, "53_1,00_808_1": 0.0, "54_2,99_808_1": 0.0, "55_JB_808_1": 0.0, "56_The_808_1": 0.0, "57_Noir_808_1": 0.0, "58_Break_808_1": 0.0, "59_Ceylan_808_1": 0.0, "60_2,99_808_1": 0.0, "61_Biodyn_808_1": 0.0, "62_1,00_808_1": 0.25, "63_JB_808_1": 0.0, "64_The_808_1": 0.0, "65_Noir_808_1": 0.0, "66_orange_808_1": 0.0, "67_2,79_808_1": 0.0, "68_1,00_808_1": 0.25, "69_JB_808_1": 0.0, "70_The_808_1": 0.0, "71_vert_808_1": 0.0, "72_et_808_1": 0.0, "73_ber_808_1": 0.0, "74_5,00_808_1": 0.0, "75_11,95_808_1": 0.2, "76_JB_808_1": 0.0, "77_The_808_1": 0.0, "78_vert_808_1": 0.0, "79_menthe_808_1": 0.0, "0_compte_105_1": 0.0, "1_votre_105_1": 0.0, "2_fidelite_105_1": 0.25, "3_Carrefour._105_1": 0.3, "4_sur_105_1": 0.0, "5_auriez_105_1": 0.0, "6_cumule_105_1": 0.0, "7_la_105_1": 0.0, "8_fidelite,_105_1": 0.0, "9_aviez_105_1": 0.0, "10_carte_105_1": 0.0, "11_CARTE_105_1": 0.0, "12_BANCAIRE_105_1": 0.0, "13_EMV_105_1": 0.3333333333333333, "14_EUR_105_1": 0.0, "15_12.49\u20ac_105_1": 0.3333333333333333, "16_(S)_105_1": 0.6666666666666666, "17_12.49\u20ac_105_1": 0.3333333333333333, "18_5_105_1": 0.0, "19_ARTICLE_105_1": 0.0, "20_TOTAL_105_1": 0.0, "21_A_105_1": 0.0, "22_PAYER_105_1": 0.2, "23_KINDER_105_1": 0.0, "24_SCHOKOBONS_105_1": 0.0, "25_4.87\u20ac_105_1": 0.4, "26_BIO_105_1": 0.3333333333333333, "27_JUS_105_1": 0.6666666666666666, "28_DE_105_1": 0.0, "29_POMME_105_1": 0.4, "30_2.55\u20ac_105_1": 0.4, "31_1.70\u20ac_105_1": 0.4, "32_BRK_105_1": 0.0, "33_SQR_105_1": 0.3333333333333333, "34_1L_105_1": 0.5, "35_PJ_105_1": 1.0, "36_POMM_105_1": 0.5, "37_12_105_1": 0.0, "38_PTE_105_1": 0.0, "39_HOY_105_1": 0.6666666666666666, "40_1.86\u20ac_105_1": 0.4, "41_FEUTRE_105_1": 0.0, "42_BIC_105_1": 0.0, "43_1.51\u20ac_105_1": 0.4, "44_MARKING_105_1": 0.14285714285714285, "45_2300_105_1": 0.0, "0_DESCRIPTION_549_0": 0.0, "1_QTE_549_0": 0.3333333333333333, "2_MONTANT_549_0": 0.2857142857142857, "3_:_549_0": 1.0, "4_Tel_549_0": 0.0, "5_45000_549_0": 0.0, "6_ORLEANS_549_0": 0.0, "7_1,_549_0": 1.0, "8_RUE_549_0": 0.0, "9_DU_549_0": 1.0, "10_GRENIER_549_0": 0.0, "11_A_549_0": 0.0, "12_SEL_549_0": 0.0, "13_CARREFOUR_549_0": 0.0, "14_CITY_549_0": 0.0, "15_ORLEANS_549_0": 0.0, "0_ _receipt_00588_0": 2.0, "0_ _receipt_00326_0": 1.0, "0_ALINENTAIRE_590_1": 0.09090909090909091, "1_1.10\u20ac_590_1": 0.4, "2_TOTAL_590_1": 0.0, "3_NON_590_1": 0.3333333333333333, "4_PINCES_590_1": 0.0, "5_LINGE_590_1": 0.0, "6_1.10\u20ac_590_1": 0.4, "7_36_590_1": 0.0, "8_A_590_1": 0.0, "9_41.74\u20ac_590_1": 0.3333333333333333, "10_ALINENTAIRE_590_1": 0.09090909090909091, "11_TOTAL_590_1": 0.8, "12_1.60\u20ac_590_1": 0.6, "13_*YRT_590_1": 0.25, "14_CHEVRE_590_1": 0.16666666666666666, "15_NAT.BIO_590_1": 0.0, "16_0.78\u20ac_590_1": 0.4, "17_*OIGNON_590_1": 0.14285714285714285, "18_ROUGE_590_1": 0.0, "19_1.93\u20ac_590_1": 0.4, "20_PUREE_590_1": 0.0, "21_MOUSLINE_590_1": 0.375, "22_S.A_590_1": 1.0, "23_0.80\u20ac_590_1": 0.4, "24_1/2E_590_1": 0.25, "25_*LAIT_590_1": 0.2, "26_UHT_590_1": 0.3333333333333333, "27_BIO_590_1": 0.3333333333333333, "28_16.23\u20ac_590_1": 0.3333333333333333, "29_FILET_590_1": 0.0, "30_BOEUF_590_1": 0.0, "31_1.03\u20ac_590_1": 0.4, "32_DESS.CHOCO_590_1": 0.0, "33_NRX4_590_1": 0.25, "34_*CR_590_1": 0.3333333333333333, "35_12.60\u20ac_590_1": 0.3333333333333333, "36_*BLEDILAIT_590_1": 0.0, "37_1ER_590_1": 0.3333333333333333, "38_AGE_590_1": 0.0, "39_2.79\u20ac_590_1": 0.4, "40_KIWI_590_1": 0.5, "41_FR_590_1": 0.0, "42_*BIO_590_1": 0.25, "43_AGIR_590_1": 0.0, "44_1.00\u20ac_590_1": 0.4, "45_80%_590_1": 0.0, "46_80G_590_1": 0.3333333333333333, "47_CHOC_590_1": 0.0, "48_NOIR_590_1": 0.25, "49_1.88\u20ac_590_1": 0.4, "50_1L_590_1": 1.0, "51_H.TOURNESOL_590_1": 0.0, "52_CRF_590_1": 0.0, "0_Total_receipt_00569_0": 0.2, "1_34.000_receipt_00569_0": 0.0, "2_5.000_receipt_00569_0": 0.6, "3_1_receipt_00569_0": 1.0, "4_A4._receipt_00569_0": 1.0, "5_Es_receipt_00569_0": 1.0, "6_Teh_receipt_00569_0": 0.6666666666666666, "7_Manis_receipt_00569_0": 0.2, "8_5.000_receipt_00569_0": 1.0, "9_1_receipt_00569_0": 2.0, "10_4.000_receipt_00569_0": 0.4, "11_Ngohiong_receipt_00569_0": 0.375, "12_A2._receipt_00569_0": 1.0, "13_4.000_receipt_00569_0": 0.2, "14_1_receipt_00569_0": 1.0, "15_3.000_receipt_00569_0": 0.2, "16_Babi_receipt_00569_0": 0.25, "17_A1._receipt_00569_0": 0.6666666666666666, "18_Paru_receipt_00569_0": 0.75, "19_3.000_receipt_00569_0": 1.0, "20_4.000_receipt_00569_0": 0.2, "21_1_receipt_00569_0": 1.0, "22_Ijo_receipt_00569_0": 1.0, "23_Cabe_receipt_00569_0": 0.5, "24_Sate_receipt_00569_0": 0.25, "25_Babi_receipt_00569_0": 0.25, "26_A2._receipt_00569_0": 1.0, "27_4.000_receipt_00569_0": 0.4, "28_4.000_receipt_00569_0": 0.6, "29_1_receipt_00569_0": 1.0, "30_Lapolong_receipt_00569_0": 0.75, "31_4.000_receipt_00569_0": 1.0, "32_A2._receipt_00569_0": 1.0, "33_4.000_receipt_00569_0": 0.4, "34_2_receipt_00569_0": 2.0, "35_8.000_receipt_00569_0": 0.8, "36_Babi_receipt_00569_0": 0.5, "37_Bumbu_receipt_00569_0": 0.8, "38_Bali_receipt_00569_0": 0.5, "39_A2._receipt_00569_0": 0.6666666666666666, "40_Sate_receipt_00569_0": 0.5, "41_3.000_receipt_00569_0": 0.4, "42_2_receipt_00569_0": 1.0, "43_Manis_receipt_00569_0": 0.2, "44_A1._receipt_00569_0": 1.0, "45_Babi_receipt_00569_0": 0.5, "46_6.000_receipt_00569_0": 0.8, "47_Sate_receipt_00569_0": 0.75, "0_PASKINA_737_0": 0.0, "1_Note_737_0": 1.0, "2_n350_737_0": 0.5, "3_13:06:43_737_0": 0.0, "4_decembre_737_0": 0.0, "5_2016_737_0": 0.0, "6_vendredi_737_0": 0.0, "7_16_737_0": 1.0, "8_FR402531420_737_0": 0.0, "9_516_737_0": 0.0, "10_G_737_0": 1.0, "11_531_737_0": 0.0, "12_420_737_0": 0.3333333333333333, "13_00048_737_0": 0.0, "14_402_737_0": 0.6666666666666666, "15_05.46.68.72.40_737_0": 0.0, "16_TEL_737_0": 0.0, "17_ROCHELLE_737_0": 0.0, "18_17000_737_0": 0.0, "19_LA_737_0": 0.5, "20_BAREAU_737_0": 0.0, "21_ELIE_737_0": 0.0, "22_RUE_737_0": 0.0, "23_16_737_0": 0.0, "24_DE_737_0": 0.0, "25_RE_737_0": 0.0, "26_ILE_737_0": 0.3333333333333333, "0_A_521_2": 1.0, "1_BIENTOT_521_2": 0.0, "2_MERCI_521_2": 0.0, "3_DE_521_2": 0.0, "4_VOTRE_521_2": 0.0, "5_VISITE_521_2": 0.0, "6_0005_521_2": 0.0, "7_18/05/2017_521_2": 0.0, "8_12:40:11_521_2": 0.0, "9_003_521_2": 0.0, "10_000077_521_2": 0.0, "11_:_521_2": 2.0, "12_Carte_521_2": 0.0, "0_:_572_2": 1.0, "1_Carte_572_2": 0.0, "2_CARTE_572_2": 0.0, "3_BANCAIRE_572_2": 0.0, "4_EMV_572_2": 0.0, "5_EUR_572_2": 0.0, "6_5.33\u20ac_572_2": 0.4, "7_Reference_572_2": 0.0, "8_9.00\u20ac_572_2": 0.4, "9_TITRES_572_2": 0.0, "10_RESTAURANT_572_2": 0.0, "11_EUR_572_2": 0.0, "12_(S)_572_2": 1.0, "13_ARTICLE_572_2": 0.0, "14_TOTAL_572_2": 0.0, "15_PAYER_572_2": 0.0, "16_A_572_2": 1.0, "17_14.33\u20ac_572_2": 0.3333333333333333, "18_TOTAL_572_2": 0.2, "19_DES_572_2": 0.0, "20_AVANTAGES_572_2": 0.3333333333333333, "21_DU_572_2": 1.0, "22_JOUR_572_2": 0.0, "23_--0.30\u20ac_572_2": 0.42857142857142855, "24_BON_572_2": 0.0, "25_DE_572_2": 0.0, "26_REDUCTION_572_2": 0.0, "27_EUR_572_2": 0.0, "28_-0.30\u20ac_572_2": 0.3333333333333333, "0_Change_receipt_00769_1": 0.16666666666666666, "1_20,000_receipt_00769_1": 0.16666666666666666, "2_50,000_receipt_00769_1": 0.0, "3_CASH_receipt_00769_1": 0.25, "4_30,000_receipt_00769_1": 0.0, "5_Grand_receipt_00769_1": 0.0, "6_Total_receipt_00769_1": 0.2, "7_2,727_receipt_00769_1": 0.8, "8_PB1_receipt_00769_1": 0.0, "9_27,273_receipt_00769_1": 0.8333333333333334, "10_Total_receipt_00769_1": 0.2, "11_[L]_receipt_00769_1": 0.6666666666666666, "12_Cream_receipt_00769_1": 0.0, "13_Cocoa_receipt_00769_1": 0.2, "14_Avocado_receipt_00769_1": 0.14285714285714285, "15_with_receipt_00769_1": 0.25, "16_Rock_receipt_00769_1": 0.0, "17_Salt and_receipt_00769_1": 0.25, "18_27,273_receipt_00769_1": 0.0, "19_1_receipt_00769_1": 1.0, "0_15,500_receipt_00403_0": 0.0, "1_CHOCO_receipt_00403_0": 0.6, "2_CORONET_receipt_00403_0": 0.0, "3_1_receipt_00403_0": 0.0, "0_3._741_0": 1.0, "1_TABLE_741_0": 0.4, "2_COUVERTS_741_0": 0.0, "3_14_741_0": 0.0, "4_VEN_741_0": 0.0, "5_21_741_0": 0.0, "6_OCT_741_0": 1.0, "7_2016_741_0": 0.25, "8_17000_741_0": 0.0, "9_LA_741_0": 0.5, "10_ROCHELLE_741_0": 0.0, "11_TEL_741_0": 0.0, "12_17000_741_0": 0.0, "13_LA_741_0": 0.0, "14_ROCHELLE_741_0": 0.0, "15_2_741_0": 0.0, "16_RUE_741_0": 0.0, "17_DU_741_0": 1.0, "18_PORT_741_0": 0.0, "19_CREPERIE_741_0": 0.125, "20_L'EPI_741_0": 0.6, "21_DE_741_0": 0.5, "22_BLE_741_0": 0.0, "0_DESCRIPTION_435_0": 0.0, "1_QTE_435_0": 0.3333333333333333, "2_MONTANT_435_0": 0.0, "3_:_435_0": 0.0, "4_Tel_435_0": 0.3333333333333333, "5_17000_435_0": 0.0, "6_ROCHELLE_435_0": 0.0, "7_DE_435_0": 0.0, "8_33_435_0": 0.0, "9_RUE_435_0": 0.0, "10_LA_435_0": 0.0, "11_SCIERIE_435_0": 0.14285714285714285, "12_ROCHELLE_435_0": 0.0, "13_CRF-CITY_435_0": 0.0, "14_LA_435_0": 0.5, "0_SAV_735_0": 0.0, "1_49_735_0": 0.0, "2_:03_735_0": 0.3333333333333333, "3_20_735_0": 0.0, "4_47_735_0": 1.0, "5_73_735_0": 1.0, "6_TTC/MN)_735_0": 0.14285714285714285, "7_Tel_735_0": 0.0, "8_(0,18eur_735_0": 0.125, "9_850_735_0": 0.0, "10_850_735_0": 0.3333333333333333, "11_:0825_735_0": 0.2, "12_Siret:_735_0": 0.0, "13_ANGOULINS_735_0": 0.0, "14_17690_735_0": 0.0, "15_AV_735_0": 1.0, "16_DES_735_0": 0.0, "17_ORMEAUX_735_0": 0.0, "18_ORMEAUX_735_0": 0.0, "19_ZA_735_0": 1.0, "20_LES_735_0": 0.0, "21_BOULANGER_735_0": 0.0, "22_ANGOULINS_735_0": 0.0, "23_14/12/16_735_0": 0.0, "24_18h15_735_0": 0.0, "25_(168319)_735_0": 0.0, "26_Facture_735_0": 0.0, "27_No_735_0": 0.5, "28_F271_735_0": 0.25, "0_A_370_3": 0.0, "1_BIENTOT_370_3": 0.0, "2_MERCI_370_3": 0.2, "3_DE_370_3": 0.0, "4_VOTRE_370_3": 0.0, "5_VISITE_370_3": 0.0, "6_14/05/2017_370_3": 0.0, "7_003_370_3": 0.0, "8_000070_370_3": 0.0, "9_12:24:56_370_3": 0.0, "0_BIENTOT_34_1": 0.0, "1_MERCI_34_1": 0.0, "2_DE_34_1": 0.0, "3_VOTRE_34_1": 0.0, "4_VISITE_34_1": 0.0, "5_0009_34_1": 0.25, "6_004_34_1": 0.3333333333333333, "7_13/02/2017_34_1": 0.0, "8_000100_34_1": 0.0, "9_12:00:34_34_1": 0.0, "10_CARTE_34_1": 0.0, "11_BANCAIRE_34_1": 0.0, "12_EMV_34_1": 0.0, "13_EUR_34_1": 0.0, "14_6.71\u20ac_34_1": 0.4, "15_(S)_34_1": 1.0, "16_3_34_1": 0.0, "17_ARTICLE_34_1": 0.0, "18_TOTAL_34_1": 0.0, "19_A_34_1": 0.0, "20_PAYER_34_1": 0.0, "21_6.71\u20ac_34_1": 0.4, "22_*SALADE_34_1": 0.0, "23_VENEZIA_34_1": 0.2857142857142857, "24_4.23\u20ac_34_1": 0.4, "25_*PETIT_34_1": 0.16666666666666666, "26_BEURRE_34_1": 0.0, "27_BIO_34_1": 0.0, "28_1_34_1": 0.0, "29_1.33\u20ac_34_1": 0.4, "30_*BAGUETTE_34_1": 0.1111111111111111, "31_PERENE_34_1": 0.0, "32_CERE_34_1": 0.0, "33_1.15\u20ac_34_1": 0.4, "0_compte_167_1": 0.0, "1_votre_167_1": 0.0, "2_fidelite_167_1": 0.0, "3_Carrefour._167_1": 0.0, "4_vous_167_1": 0.0, "5_auriez_167_1": 0.0, "6_cumule_167_1": 0.0, "7_0.06\u20ac_167_1": 0.4, "8_sur_167_1": 0.0, "9_Si_167_1": 0.0, "10_la_167_1": 0.0, "11_fidelite,_167_1": 0.0, "12_vous_167_1": 0.0, "13_aviez_167_1": 0.0, "14_carte_167_1": 0.0, "15_CB_167_1": 0.0, "16_EMV_167_1": 0.0, "17_SANS_167_1": 0.0, "18_CONTACT_167_1": 0.0, "19_EUR_167_1": 0.0, "20_3.87\u20ac_167_1": 0.4, "21_(S)_167_1": 0.6666666666666666, "22_3_167_1": 0.0, "23_ARTICLE_167_1": 0.0, "24_TOTAL_167_1": 0.0, "25_A_167_1": 0.0, "26_PAYER_167_1": 0.0, "27_3.87\u20ac_167_1": 0.4, "28_*BAGUETTE_167_1": 0.1111111111111111, "29_250G_167_1": 0.25, "30_0.84\u20ac_167_1": 0.4, "31_*4MOUSS.CHOC.NR_167_1": 0.26666666666666666, "32_CRF_167_1": 0.0, "33_1.18\u20ac_167_1": 0.4, "34_LE_167_1": 0.0, "35_*2_167_1": 0.5, "36_TR_167_1": 0.0, "37_SUPERIEUR_167_1": 0.1111111111111111, "38_1.85\u20ac_167_1": 0.4, "39_MONTANT_167_1": 0.2857142857142857, "40_DESCRIPTION_167_1": 0.0, "41_QTE_167_1": 1.0, "0_0003_275_1": 0.25, "1_002_275_1": 0.0, "2_000181_275_1": 0.0, "3_17/02/2017_275_1": 0.0, "4_11:15:17_275_1": 0.0, "5_CARTE_275_1": 0.0, "6_BANCAIRE_275_1": 0.0, "7_EMV_275_1": 0.0, "8_EUR_275_1": 0.0, "9_8.02\u20ac_275_1": 0.4, "10_(S)_275_1": 1.0, "11_5_275_1": 1.0, "12_ARTICLE_275_1": 0.0, "13_TOTAL_275_1": 0.0, "14_A_275_1": 0.0, "15_PAYER_275_1": 0.0, "16_8.02\u20ac_275_1": 0.4, "17_JACQ.TORT.CREM._275_1": 0.13333333333333333, "18_*ST_275_1": 0.0, "19_4.02\u20ac_275_1": 0.4, "20_*EAU_275_1": 0.25, "21_CRISTALINE_275_1": 0.1, "22_X6_275_1": 0.5, "23_1.20\u20ac_275_1": 0.4, "24_0.355kg_275_1": 0.0, "25_x_275_1": 1.0, "26_3.50\u20ac/kg_275_1": 0.125, "27_*CLEMENTINE_275_1": 0.09090909090909091, "28_1.24\u20ac_275_1": 0.4, "29_0.180kg_275_1": 0.14285714285714285, "30_1.95\u20ac/kg_275_1": 0.125, "31_x_275_1": 0.0, "32_*BANANE_275_1": 0.0, "33_0.35\u20ac_275_1": 0.4, "34_*180G_275_1": 0.4, "35_CAROTTES_275_1": 0.0, "36_RAPE_275_1": 0.0, "37_1.21\u20ac_275_1": 0.4, "0_:_522_0": 1.0, "1_Tel_522_0": 0.0, "2_45000_522_0": 0.0, "3_ORLEANS_522_0": 0.0, "4_1,_522_0": 1.0, "5_RUE_522_0": 0.0, "6_DU_522_0": 0.5, "7_GRENIER_522_0": 0.0, "8_A_522_0": 0.0, "9_SEL_522_0": 0.0, "10_CARREFOUR_522_0": 0.0, "11_CITY_522_0": 0.0, "12_ORLEANS_522_0": 0.0, "0_Kembali_receipt_00248_1": 0.0, "1_30.000_receipt_00248_1": 0.0, "2_Tunai_receipt_00248_1": 0.0, "3_54.000_receipt_00248_1": 0.0, "4_Total_receipt_00248_1": 0.0, "5_24.000_receipt_00248_1": 0.16666666666666666, "0_7,500_receipt_00715_1": 0.2, "1_Change_receipt_00715_1": 0.5, "2_50.000_receipt_00715_1": 0.0, "3_CASH_receipt_00715_1": 0.0, "4_42,500_receipt_00715_1": 0.6666666666666666, "5_TOTAL_receipt_00715_1": 0.2, "6_TAX_receipt_00715_1": 0.6666666666666666, "7_10%_receipt_00715_1": 1.0, "8_3,864_receipt_00715_1": 0.4, "9_SUBTOTAL_receipt_00715_1": 0.0, "10_38.636_receipt_00715_1": 0.16666666666666666, "11_1_receipt_00715_1": 1.0, "12_Pedas_receipt_00715_1": 0.8, "13_2_receipt_00715_1": 1.0, "14_1_receipt_00715_1": 1.0, "15_HOLDAK_receipt_00715_1": 0.16666666666666666, "16_SET_receipt_00715_1": 0.6666666666666666, "17_1_receipt_00715_1": 1.0, "18_38.636_receipt_00715_1": 0.16666666666666666, "0_CHANGES_receipt_00613_1": 0.42857142857142855, "1_0_receipt_00613_1": 1.0, "2_DEBIT_receipt_00613_1": 0.2, "3_BCA_receipt_00613_1": 0.3333333333333333, "4_284,983_receipt_00613_1": 0.2857142857142857, "0_4.00_806_0": 0.0, "1_1_806_0": 2.0, "2_4.00_806_0": 0.0, "3_ACTIVITE_806_0": 0.0, "4_MANUELLE_806_0": 0.125, "5_TOTAL_806_0": 0.0, "6_P.U._806_0": 0.0, "7_DESIGNATION_806_0": 0.0, "8_QTE_806_0": 0.0, "9_14:51_806_0": 0.0, "10_08_806_0": 0.0, "11_JUL_806_0": 0.6666666666666666, "12_2017_806_0": 0.0, "13_SAM_806_0": 0.0, "14_05.46._806_0": 0.3333333333333333, "15_50,_806_0": 0.0, "16_62._806_0": 0.0, "17_36_806_0": 1.5, "18_TEL_806_0": 0.0, "19_ROCHELLE_806_0": 0.0, "20_LA_806_0": 0.5, "21_17000_806_0": 0.0, "22_CHAUDRIER_806_0": 0.0, "23_RUE_806_0": 0.0, "24_14_806_0": 0.5, "0_:_553_1": 1.0, "1_Carte_553_1": 0.0, "2_Votre_553_1": 0.0, "3_Monnaie_553_1": 0.0, "4_-4.75\u20ac_553_1": 0.3333333333333333, "5_EUR_553_1": 0.0, "6_10.00\u20ac_553_1": 0.3333333333333333, "7_ESPECES_553_1": 0.0, "8_2_553_1": 0.0, "9_ARTICLE_553_1": 0.0, "10_(S)_553_1": 1.0, "11_TOTAL_553_1": 0.0, "12_A_553_1": 0.0, "13_PAYER_553_1": 0.0, "14_5.25\u20ac_553_1": 0.4, "15_*POULET_553_1": 0.14285714285714285, "16_CHAMP_553_1": 0.2, "17_NOIR_553_1": 0.0, "18_3.65\u20ac_553_1": 0.4, "19_*200G_553_1": 0.2, "20_CAROTTE_553_1": 0.0, "21_RAPE_553_1": 0.0, "22_BI_553_1": 0.5, "23_1.60\u20ac_553_1": 0.4, "24_DESCRIPTION_553_1": 0.0, "25_QTE_553_1": 1.0, "26_MONTANT_553_1": 0.2857142857142857, "0_Carte_540_1": 0.0, "1_CB_540_1": 0.5, "2_EMV_540_1": 0.3333333333333333, "3_SANS_540_1": 0.0, "4_CONTACT_540_1": 0.0, "5_EUR_540_1": 0.0, "6_9.20\u20ac_540_1": 0.4, "7_4_540_1": 0.0, "8_(S)_540_1": 1.0, "9_ARTICLE_540_1": 0.0, "10_TOTAL_540_1": 0.0, "11_9.20\u20ac_540_1": 0.4, "12_A_540_1": 0.0, "13_PAYER_540_1": 0.0, "14_2.30\u20ac_540_1": 0.4, "15_*MENTH_540_1": 0.16666666666666666, "16_EXTRA_540_1": 0.0, "17_FRAICH_540_1": 0.16666666666666666, "18_1.25\u20ac_540_1": 0.4, "19_*BTE_540_1": 0.5, "20_MOUCHOIR_540_1": 0.125, "21_CON_540_1": 0.6666666666666666, "22_110_540_1": 0.6666666666666666, "23_*280G_540_1": 0.4, "24_AIGUILLET_540_1": 0.1111111111111111, "25_POULE_540_1": 0.0, "26_4.05\u20ac_540_1": 0.4, "27_*200G_540_1": 0.4, "28_CAROTTE_540_1": 0.0, "29_RAPE_540_1": 0.0, "30_BI_540_1": 0.0, "31_1.60\u20ac_540_1": 0.4, "32_QTE_540_1": 1.0, "33_MONTANT_540_1": 0.42857142857142855, "34_DESCRIPTION_540_1": 0.0, "0_ _receipt_00755_0": 2.0, "0_BIENTOT_333_2": 0.0, "1_DE_333_2": 0.0, "2_VOTRE_333_2": 0.0, "3_VISITE_333_2": 0.0, "4_MERCI_333_2": 0.2, "0_Change :_receipt_00424_1": 0.375, "1_Pay_receipt_00424_1": 0.3333333333333333, "2_15,000_receipt_00424_1": 0.5, "3_50,000_receipt_00424_1": 0.3333333333333333, "4_Cash_receipt_00424_1": 0.75, "5_Total_receipt_00424_1": 0.0, "6_35,000_receipt_00424_1": 1.0, "7_35,000_receipt_00424_1": 1.0, "8_ITEMS:_receipt_00424_1": 0.3333333333333333, "9_1_receipt_00424_1": 0.0, "10_Oyster_receipt_00424_1": 0.16666666666666666, "11_35,000_receipt_00424_1": 0.8333333333333334, "12_Mee.._receipt_00424_1": 0.4, "13_Handmade_receipt_00424_1": 0.25, "14_1_receipt_00424_1": 0.0, "0_NI_813_2": 0.0, "1_ECHANGEES_813_2": 0.0, "2_REMBOURSEES._813_2": 0.0, "3_VI_813_2": 1.0, "4_BOUC_813_2": 0.5, "5_ES_813_2": 0.0, "6_30_813_2": 0.0, "7_JOURS._813_2": 0.0, "8_D'OREILLES_813_2": 0.0, "9_:_813_2": 1.0, "10_ECHANGE_813_2": 0.0, "11_DU_813_2": 1.5, "12_SOUS_813_2": 0.75, "13_PORTE,_813_2": 0.0, "14_NON_813_2": 0.0, "15_RETOUCHE)_813_2": 0.0, "16_NI_813_2": 0.0, "17_LAVE_813_2": 0.0, "18_NI_813_2": 0.0, "19_:_813_2": 1.0, "20_(ARTICLE_813_2": 0.0, "21_ETIQUETTES_813_2": 0.0, "22_D'ORIGINE,_813_2": 0.0, "23_AVEC_813_2": 0.25, "24_PRESENTATION_813_2": 0.0, "25_SUR_813_2": 0.0, "26_DU_813_2": 1.0, "27_TICKET_813_2": 0.0, "28_DE_813_2": 0.0, "29_CAISSE_813_2": 0.0, "30_programme_813_2": 0.0, "31_Surprise_813_2": 0.0, "32_au_813_2": 0.0, "33_me_813_2": 0.0, "34_more_813_2": 0.0, "35_nos_813_2": 0.0, "36_offres_813_2": 0.0, "37_commerciales_813_2": 0.0, "38_et_813_2": 0.0, "39_adherer_813_2": 0.0, "40_personnelles_813_2": 0.16666666666666666, "41_donnees_813_2": 0.0, "42_pour_813_2": 0.0, "43_recevoir_813_2": 0.0, "0_CASH_receipt_00504_1": 0.0, "1_10,450_receipt_00504_1": 0.0, "2_TOTAL_receipt_00504_1": 0.0, "3_10,450_receipt_00504_1": 0.0, "4_TAX_receipt_00504_1": 0.0, "5_10%_receipt_00504_1": 0.0, "6_950_receipt_00504_1": 0.0, "7_9,500_receipt_00504_1": 0.0, "8_1.00xITEMS_receipt_00504_1": 0.1, "9_NESTLE_receipt_00504_1": 0.0, "10_600_receipt_00504_1": 0.0, "11_M1_receipt_00504_1": 0.5, "12_9,500_receipt_00504_1": 0.0, "0_Change_receipt_00363_1": 0.3333333333333333, "1_42,000_receipt_00363_1": 0.8333333333333334, "2_58,000_receipt_00363_1": 0.0, "3_[58,000]_receipt_00363_1": 0.75, "4_~CASH_receipt_00363_1": 0.2, "5_GRAND_receipt_00363_1": 0.0, "6_TOTAL_receipt_00363_1": 0.0, "7_5,273_receipt_00363_1": 0.2, "8_RESTAURANT_receipt_00363_1": 0.0, "9_TAX_receipt_00363_1": 0.0, "10_52,727_receipt_00363_1": 0.8333333333333334, "11_TOTAL_receipt_00363_1": 0.0, "12_SUB_receipt_00363_1": 0.6666666666666666, "0_QTE_96_0": 0.6666666666666666, "1_MONTANT_96_0": 0.2857142857142857, "2_DESCRIPTION_96_0": 0.0, "3_Tel_96_0": 0.0, "4_17000_96_0": 0.0, "5_LA_96_0": 0.0, "6_ROCHELLE_96_0": 0.0, "7_33_96_0": 0.0, "8_RUE_96_0": 0.0, "9_DE_96_0": 0.0, "10_LA_96_0": 0.5, "11_SCIERIE_96_0": 0.14285714285714285, "12_CRF-CITY_96_0": 0.0, "13_LA_96_0": 0.0, "14_ROCHELLE_96_0": 0.0, "0_100,000_receipt_00661_1": 0.0, "1_Payment_receipt_00661_1": 0.0, "2_Voucher_receipt_00661_1": 0.0, "3_100,000_receipt_00661_1": 0.0, "4_Total_receipt_00661_1": 0.0, "5_0_receipt_00661_1": 1.0, "6_Rounding_receipt_00661_1": 0.0, "7_9,091_receipt_00661_1": 0.0, "8_(10%)_receipt_00661_1": 0.0, "9_PB1_receipt_00661_1": 0.0, "10_90,909_receipt_00661_1": 0.0, "11_Sub_receipt_00661_1": 0.0, "12_Total_receipt_00661_1": 0.0, "13_0_receipt_00661_1": 1.0, "14_1_receipt_00661_1": 0.0, "15_COOKIE_receipt_00661_1": 0.0, "16_SAUCES_receipt_00661_1": 0.0, "17_DOH_receipt_00661_1": 0.0, "18_0_receipt_00661_1": 1.0, "19_PEACH_receipt_00661_1": 0.0, "20_1_receipt_00661_1": 0.0, "21_45,455_receipt_00661_1": 0.3333333333333333, "22_[REG]_receipt_00661_1": 0.0, "23_SAKURA_receipt_00661_1": 0.0, "24_BLACK_receipt_00661_1": 0.0, "25_1_receipt_00661_1": 0.0, "26_0_receipt_00661_1": 0.0, "27_DRAGON_receipt_00661_1": 0.0, "28_1_receipt_00661_1": 0.0, "29_FRUIT_receipt_00661_1": 0.0, "30_0_receipt_00661_1": 0.0, "31_LYCHEE_receipt_00661_1": 0.0, "32_1_receipt_00661_1": 0.0, "33_45,455_receipt_00661_1": 0.0, "34_[REG]_receipt_00661_1": 0.0, "35_SAKURA_receipt_00661_1": 0.0, "36_BLACK_receipt_00661_1": 0.0, "37_1_receipt_00661_1": 1.0, "0_Pay_receipt_00675_1": 0.0, "1_Change:_receipt_00675_1": 0.2857142857142857, "2_5,000_receipt_00675_1": 0.0, "3_Cash_receipt_00675_1": 0.0, "4_50,000_receipt_00675_1": 0.0, "5_Total._receipt_00675_1": 0.0, "6_45,000_receipt_00675_1": 0.0, "7_ITEMS:_receipt_00675_1": 0.3333333333333333, "8_1_receipt_00675_1": 1.0, "9_45,000_receipt_00675_1": 0.0, "10_Egg_receipt_00675_1": 0.0, "11_1_receipt_00675_1": 3.0, "12_Salted_receipt_00675_1": 0.0, "13_45,000_receipt_00675_1": 0.0, "14_Yolk_receipt_00675_1": 0.5, "15_Chicken_receipt_00675_1": 0.0, "0_Kembalian_receipt_00104_1": 0.1111111111111111, "1_8.500_receipt_00104_1": 0.2, "2_CASH_receipt_00104_1": 0.25, "3_70.000_receipt_00104_1": 0.16666666666666666, "4_Total_receipt_00104_1": 0.0, "5_61.500_receipt_00104_1": 0.0, "6_Subtotal_receipt_00104_1": 0.0, "7_61.500_receipt_00104_1": 0.0, "8_4.000_receipt_00104_1": 0.0, "9_KACANG_receipt_00104_1": 0.0, "10_H_receipt_00104_1": 1.0, "11_BAKPIA_receipt_00104_1": 0.0, "12_1_receipt_00104_1": 1.0, "13_+SPESIAL_receipt_00104_1": 0.25, "0_19,000_receipt_00678_1": 0.16666666666666666, "1_Cti_receipt_00678_1": 1.0, "2_Total_receipt_00678_1": 0.0, "3_1_receipt_00678_1": 2.0, "4_19,000_receipt_00678_1": 0.6666666666666666, "5_19,000_receipt_00678_1": 0.0, "6_1_receipt_00678_1": 1.0, "7_19,000_receipt_00678_1": 0.3333333333333333, "0_CHANGE_receipt_00358_1": 0.16666666666666666, "1_25,000_receipt_00358_1": 0.8333333333333334, "2_CASH_receipt_00358_1": 0.25, "3_50,000_receipt_00358_1": 0.8333333333333334, "4_TOTAL_receipt_00358_1": 0.4, "5_ITEMS_receipt_00358_1": 0.4, "6_1_receipt_00358_1": 1.0, "7_TOTAL_receipt_00358_1": 0.2, "8_SALES_receipt_00358_1": 0.2, "9_25,000_receipt_00358_1": 0.0, "10_SUB_receipt_00358_1": 0.0, "11_TOTAL_receipt_00358_1": 0.2, "12_25,000_receipt_00358_1": 0.16666666666666666, "0_ _receipt_00161_0": 2.0, "0_1_receipt_00450_0": 1.0, "1_CUSTARD_receipt_00450_0": 0.14285714285714285, "2_SOBORO_receipt_00450_0": 0.0, "3_12,000_receipt_00450_0": 0.0, "4_1_receipt_00450_0": 0.0, "5_CUSTARD_receipt_00450_0": 0.14285714285714285, "6_BRIOCHE_receipt_00450_0": 0.0, "7_9,000_receipt_00450_0": 0.0, "0_Saving_receipt_00758_0": 0.0, "1_1,500_receipt_00758_0": 0.0, "2_III_receipt_00758_0": 1.0, "3_1 x_receipt_00758_0": 0.6666666666666666, "4_HAZELNUT_receipt_00758_0": 0.25, "5_(R)_receipt_00758_0": 1.0, "6_24,000_receipt_00758_0": 0.0, "7_CHOCO_receipt_00758_0": 0.8, "0_Carte:_47_1": 0.16666666666666666, "1_CARTE_47_1": 0.0, "2_BANCAIRE_47_1": 0.0, "3_EMV_47_1": 0.3333333333333333, "4_4.92\u20ac_47_1": 0.4, "5_EUR_47_1": 0.0, "6_3_47_1": 2.0, "7_(S)_47_1": 0.6666666666666666, "8_ARTICLE_47_1": 0.0, "9_TOTAL_47_1": 0.0, "10_A_47_1": 0.0, "11_PAYER_47_1": 0.0, "12_4.92\u20ac_47_1": 0.4, "13_*LT4X100G_47_1": 0.1111111111111111, "14_POULAIN_47_1": 0.14285714285714285, "15_N_47_1": 0.0, "16_3.11e_47_1": 1.0, "17_0.340kg_47_1": 0.0, "18_x_47_1": 1.0, "19_15.95\u20ac/kg_47_1": 0.3333333333333333, "20_*BANANE_47_1": 0.14285714285714285, "21_3.66\u20ac_47_1": 0.4, "22_*BAGUETTE_47_1": 0.1111111111111111, "23_CR_47_1": 0.0, "24_ALES_47_1": 0.0, "25_1.15\u20ac_47_1": 0.4, "0_ _receipt_00000_0": 2.0, "0_QTE_10_0": 0.3333333333333333, "1_MONTANT_10_0": 0.2857142857142857, "2_DESCRIPTION_10_0": 0.09090909090909091, "3_Tel_10_0": 0.0, "4_ROCHELLE_10_0": 0.0, "5_17000_10_0": 0.0, "6_SCIERIE_10_0": 0.0, "7_RUE_10_0": 0.0, "8_DE_10_0": 0.0, "9_LA_10_0": 0.0, "10_33_10_0": 0.0, "11_ROCHELLE_10_0": 0.0, "12_CRF-CITY_10_0": 0.0, "13_LA_10_0": 0.5, "0_QTE_466_0": 1.0, "1_MONTANT_466_0": 0.2857142857142857, "2_DESCRIPTION_466_0": 0.0, "3_Gargot_466_0": 0.0, "4_Aytre._466_0": 0.0, "5_Rue_466_0": 0.0, "6_Nicolas_466_0": 0.0, "7_17440_466_0": 0.0, "8_Dimanche_466_0": 0.0, "9_9h_466_0": 0.5, "10_a_466_0": 0.0, "11_12h30_466_0": 0.0, "12_Samedi_466_0": 0.0, "13_de_466_0": 0.0, "14_9h_466_0": 0.5, "15_a_466_0": 0.0, "16_20h00_466_0": 0.0, "17_Lundi_466_0": 0.0, "18_au_466_0": 0.0, "19_:_466_0": 1.0, "20_0546457320_466_0": 0.0, "21_Tel_466_0": 0.0, "22_Carrefour_466_0": 0.0, "23_market_466_0": 0.0, "24_AYTRE_466_0": 0.0, "0_0005_159_1": 1.0, "1_003_159_1": 0.0, "2_000432_159_1": 0.0, "3_09/12/2015_159_1": 0.1, "4_19:32:23_159_1": 0.125, "5_CARTE_159_1": 0.0, "6_BANCAIRE_159_1": 0.0, "7_EMV_159_1": 0.0, "8_EUR_159_1": 0.0, "9_10.85\u20ac_159_1": 0.3333333333333333, "10_(S)_159_1": 0.6666666666666666, "11_6_159_1": 0.0, "12_ANTICLE_159_1": 0.0, "13_TOTAL_159_1": 0.0, "14_A_159_1": 0.0, "15_PAYER_159_1": 0.0, "16_10.85\u20ac_159_1": 0.3333333333333333, "17_PLAQUETTE_159_1": 0.0, "18_BEURRE_159_1": 0.0, "19_D_159_1": 1.0, "20_1.04\u20ac_159_1": 0.6, "21_BAGUETTE_159_1": 0.0, "22_250G_159_1": 0.25, "23_0.84\u20ac_159_1": 0.4, "24_4_159_1": 0.0, "25_OEUFS_159_1": 0.0, "26_BIO_159_1": 0.3333333333333333, "27_GROS_159_1": 0.25, "28_1.52\u20ac_159_1": 0.4, "29_250G_159_1": 0.25, "30_TORT_159_1": 0.0, "31_RICOTTA_159_1": 0.0, "32_3.216_159_1": 0.4, "33_2056_159_1": 0.0, "34_DESSERT_159_1": 0.2857142857142857, "35_NOIR_159_1": 0.0, "36_2x_159_1": 1.0, "37_2.12_159_1": 0.0, "38_4.24e_159_1": 0.2, "0_A_461_2": 0.0, "1_BIENTOT_461_2": 0.0, "2_VISITE_461_2": 0.0, "3_DE_461_2": 0.0, "4_VOTRE_461_2": 0.0, "5_MERCI_461_2": 0.4, "6_03/03/2017_461_2": 0.3, "7_08:30:04_461_2": 0.0, "8_300052_461_2": 0.16666666666666666, "9_0009_461_2": 1.0, "10_002_461_2": 0.0, "0_54._677_1": 0.0, "1_60_677_1": 0.0, "2_Total_677_1": 0.0, "3_7.95_677_1": 0.0, "4_1.00_677_1": 0.0, "5_Merdouilles_677_1": 0.0, "6_Ass._677_1": 0.0, "7_6.95_677_1": 0.0, "8_Amarena_677_1": 0.0, "9_Melba_677_1": 0.0, "10_1.00_677_1": 0.0, "11_Champignons_677_1": 0.0, "12_90_677_1": 0.0, "13_Spaghetti_677_1": 0.0, "14_10._677_1": 0.3333333333333333, "15_1.00_677_1": 0.0, "16_90_677_1": 0.0, "17_14._677_1": 0.3333333333333333, "18_Media_677_1": 0.0, "19_1.00_677_1": 0.0, "20_Pizza_677_1": 0.0, "21_13._677_1": 0.3333333333333333, "22_90_677_1": 0.0, "23_Intervista_677_1": 0.0, "24_Pizza_677_1": 0.0, "25_1.00_677_1": 0.0, "26_Note_677_1": 0.0, "27_Provisoire_677_1": 0.1, "28_Couverts_677_1": 0.0, "29_3_677_1": 0.0, "30_301_677_1": 0.0, "31_Table_677_1": 0.2, "32_-_677_1": 0.0, "33_:_677_1": 2.0, "34_24/05/2017_677_1": 0.0, "35_23:30:33_677_1": 0.0, "36_Closed_677_1": 0.0, "0_DESCRIPTION_67_0": 0.0, "1_QYE_67_0": 0.3333333333333333, "2_MONTANT_67_0": 0.14285714285714285, "3_Tel_67_0": 0.0, "4_ROCHELLE_67_0": 0.0, "5_17000_67_0": 0.0, "6_33_67_0": 0.5, "7_RUE_67_0": 0.0, "8_DE_67_0": 0.0, "9_LA_67_0": 0.0, "10_SCIERIE_67_0": 0.14285714285714285, "11_ROCHELLE_67_0": 0.0, "12_CRF-CITY_67_0": 0.0, "13_LA_67_0": 0.0, "0_20,000_receipt_00150_0": 0.0, "1_KFC_receipt_00150_0": 1.0, "2_Winger_receipt_00150_0": 0.16666666666666666, "3_HC_receipt_00150_0": 1.5, "4_1_receipt_00150_0": 1.0, "0_TERITAMA_receipt_00721_0": 0.125, "1_4_receipt_00721_0": 0.0, "2_1_receipt_00721_0": 0.0, "3_PCS_receipt_00721_0": 0.0, "4_36,000_receipt_00721_0": 0.0, "0_ _receipt_00612_0": 3.0, "0_A_562_1": 0.0, "1_BIENTOT_562_1": 0.0, "2_20/06/2017_562_1": 0.0, "3_000491_562_1": 0.0, "4_18:48:49_562_1": 0.0, "5_0002_562_1": 0.0, "6_003_562_1": 0.0, "7_CONTACT_562_1": 0.0, "8_EUR_562_1": 0.0, "9_2.14\u20ac_562_1": 0.4, "10_CB_562_1": 0.5, "11_EMV_562_1": 0.0, "12_SANS_562_1": 0.0, "13_(S)_562_1": 0.3333333333333333, "14_TOTAL_562_1": 0.0, "15_A_562_1": 0.0, "16_PAYER_562_1": 0.0, "17_2.14\u20ac_562_1": 0.4, "18_2_562_1": 0.0, "19_ARTICLE_562_1": 0.0, "20_1.14\u20ac_562_1": 0.4, "21_6X1.5L_562_1": 0.16666666666666666, "22_EAU_562_1": 0.0, "23_SCE_562_1": 0.0, "24_C_562_1": 1.0, "25_*PET_562_1": 0.25, "26_1.00\u20ac_562_1": 0.4, "27_BLANCHE_562_1": 0.0, "28_*BAGUETTE_562_1": 0.1111111111111111, "29_MONTANT_562_1": 0.2857142857142857, "30_QTE_562_1": 1.0, "31_DESCRIPTION_562_1": 0.0, "0_ _receipt_00087_0": 2.0, "0_0.13\u20ac_341_1": 0.4, "1_sur_341_1": 0.0, "2_auriez_341_1": 0.0, "3_cumule_341_1": 0.0, "4_fidelite,_341_1": 0.0, "5_aviez_341_1": 0.0, "6_carte_341_1": 0.0, "7_la_341_1": 0.5, "8_14.76\u20ac_341_1": 0.3333333333333333, "9_EUR_341_1": 0.0, "10_SANS_341_1": 0.0, "11_CONTACT_341_1": 0.0, "12_CB_341_1": 1.0, "13_EMV_341_1": 0.0, "14_14.76\u20ac_341_1": 0.3333333333333333, "15_(S)_341_1": 0.6666666666666666, "16_A_341_1": 0.0, "17_PAYER_341_1": 0.0, "18_TOTAL_341_1": 0.0, "19_ARTICLE_341_1": 0.0, "20_2.69\u20ac_341_1": 0.4, "21_MOZZAR.RISTO_341_1": 0.08333333333333333, "22_*PIZZA_341_1": 0.16666666666666666, "23_1.78\u20ac_341_1": 0.4, "24_*PANSEMENT_341_1": 0.1, "25_X20_341_1": 0.0, "26_CRF_341_1": 0.0, "27_0.84\u20ac_341_1": 0.4, "28_CRF_341_1": 0.0, "29_*HOZZARELLA_341_1": 0.0, "30_1.70\u20ac_341_1": 0.4, "31_SIR.GREHA_341_1": 0.2222222222222222, "32_CRF_341_1": 0.0, "33_*75CL_341_1": 0.6, "34_1.25\u20ac_341_1": 0.4, "35_SPAGHETTI_341_1": 0.1111111111111111, "36_BIO_341_1": 0.3333333333333333, "37_*500G_341_1": 0.4, "38_6.50\u20ac_341_1": 0.4, "39_HOVE_341_1": 0.0, "40_BIO_341_1": 0.0, "41_NX_341_1": 1.0, "42_CRF_341_1": 0.0, "43_*1L_341_1": 0.6666666666666666, "0_DESCRIPTION_356_0": 0.45454545454545453, "1_QTE_356_0": 1.0, "2_MONTANT_356_0": 0.14285714285714285, "3_:_356_0": 2.0, "4_Tel_356_0": 0.0, "5_17000_356_0": 0.0, "6_LA_356_0": 0.0, "7_ROCHELLE_356_0": 0.0, "8_33_356_0": 0.0, "9_RUE_356_0": 0.0, "10_DE_356_0": 0.0, "11_LA_356_0": 0.5, "12_SCIERIE_356_0": 0.0, "13_CRF-CITY_356_0": 0.0, "14_LA_356_0": 0.0, "15_ROCHELLE_356_0": 0.0, "0_2_receipt_00093_0": 1.0, "1_GANACHE_receipt_00093_0": 0.14285714285714285, "2_MOUSSE_receipt_00093_0": 0.0, "3_PIECE_receipt_00093_0": 0.0, "4_65,000_receipt_00093_0": 0.0, "5_NUMER_receipt_00093_0": 0.0, "6_CANDLE_receipt_00093_0": 0.0, "7_1_receipt_00093_0": 1.0, "8_NO.2_receipt_00093_0": 0.0, "9_10,000_receipt_00093_0": 0.0, "10_NUMER_receipt_00093_0": 0.0, "11_CANDLE_receipt_00093_0": 0.16666666666666666, "12_1_receipt_00093_0": 1.0, "13_NO.1_receipt_00093_0": 0.5, "0_Tel_36_0": 0.0, "1_17000_36_0": 0.0, "2_LA_36_0": 0.5, "3_ROCHELLE_36_0": 0.0, "4_33_36_0": 0.0, "5_RUE_36_0": 0.0, "6_DE_36_0": 0.0, "7_LA_36_0": 0.0, "8_SCIERIE_36_0": 0.14285714285714285, "9_CRF-CITY_36_0": 0.0, "10_LA_36_0": 0.0, "11_ROCHELLE_36_0": 0.0, "0_MONTANT_578_0": 0.14285714285714285, "1_QTE_578_0": 0.3333333333333333, "2_DESCRIPTION_578_0": 0.0, "3_Market_578_0": 0.0, "4_chez_578_0": 0.0, "5_Carrefour_578_0": 0.0, "6_Bienvenue_578_0": 0.0, "7_12H30_578_0": 0.0, "8_9H00_578_0": 0.5, "9_a_578_0": 0.0, "10_Dimanche_578_0": 0.0, "11_Samedi_578_0": 0.0, "12_de_578_0": 0.0, "13_8H30_578_0": 0.25, "14_a_578_0": 1.0, "15_19H30_578_0": 0.0, "16_au_578_0": 0.0, "17_Lundi_578_0": 0.0, "18_:_578_0": 1.0, "19_66_578_0": 0.0, "20_88_578_0": 0.0, "21_98_578_0": 0.0, "22_98_578_0": 0.0, "23_Tel_578_0": 0.0, "24_04_578_0": 0.0, "25_VAUVERT_578_0": 0.0, "0_A_259_2": 1.0, "1_BIENTOT_259_2": 0.0, "2_MERCI_259_2": 0.2, "3_DE_259_2": 0.0, "4_VOTRE_259_2": 0.0, "5_VISITE_259_2": 0.0, "0_sur_337_1": 0.0, "1_0.13\u20ac_337_1": 0.4, "2_cumule_337_1": 0.0, "3_auriez_337_1": 0.0, "4_fidelite,_337_1": 0.0, "5_carte_337_1": 0.0, "6_aviez_337_1": 0.0, "7_la_337_1": 0.0, "8_14.76\u20ac_337_1": 0.3333333333333333, "9_CONTACT_337_1": 0.0, "10_EUR_337_1": 0.0, "11_EMV_337_1": 0.0, "12_SANS_337_1": 0.0, "13_CB_337_1": 1.0, "14_14.76\u20ac_337_1": 0.3333333333333333, "15_A_337_1": 0.0, "16_PAYER_337_1": 0.0, "17_ARTICLE_337_1": 0.0, "18_(S)_337_1": 0.6666666666666666, "19_TOTAL_337_1": 0.0, "20_2.69\u20ac_337_1": 0.4, "21_MOZZAR.RISTO_337_1": 0.16666666666666666, "22_*PIZZA_337_1": 0.8333333333333334, "23_1.78\u20ac_337_1": 0.4, "24_*PANSEMENT_337_1": 0.1, "25_X20_337_1": 0.0, "26_CRF_337_1": 0.0, "27_0.84\u20ac_337_1": 0.4, "28_*HOZZARELLA_337_1": 0.0, "29_CRF_337_1": 0.0, "30_1.70\u20ac_337_1": 0.4, "31_CRF_337_1": 0.0, "32_*75CL_337_1": 0.2, "33_SIR.GRENA_337_1": 0.0, "34_1.25\u20ac_337_1": 0.4, "35_SPAGHETTI_337_1": 0.0, "36_BIO_337_1": 0.3333333333333333, "37_*500G_337_1": 0.4, "38_6.50\u20ac_337_1": 0.4, "39_CRF_337_1": 0.0, "40_HOVE_337_1": 0.0, "41_BIO_337_1": 0.3333333333333333, "42_NX_337_1": 1.0, "43_*1L_337_1": 0.6666666666666666, "0_Change:_receipt_00374_1": 0.42857142857142855, "1_30.000_receipt_00374_1": 0.0, "2_Tendered:_receipt_00374_1": 0.2222222222222222, "3_100.000_receipt_00374_1": 0.0, "4_Cash_receipt_00374_1": 0.5, "5_Total._receipt_00374_1": 0.16666666666666666, "6_70.000_receipt_00374_1": 0.16666666666666666, "7_Total_receipt_00374_1": 0.2, "8_Item:_receipt_00374_1": 0.4, "9_6_receipt_00374_1": 1.0, "10_0_receipt_00374_1": 2.0, "11_0_receipt_00374_1": 1.0, "12_x1_receipt_00374_1": 1.0, "13_Bag_receipt_00374_1": 0.3333333333333333, "14_6001-Plastic_receipt_00374_1": 0.08333333333333333, "15_Small_receipt_00374_1": 0.4, "16_14.000_receipt_00374_1": 0.16666666666666666, "17_14.000_receipt_00374_1": 0.0, "18_x1_receipt_00374_1": 1.0, "19_3001-Sakura_receipt_00374_1": 0.0, "20_Mochi_receipt_00374_1": 0.4, "21_14.000_receipt_00374_1": 0.0, "22_x4_receipt_00374_1": 1.0, "23_56.000_receipt_00374_1": 0.0, "24_3002-Kyoto_receipt_00374_1": 0.1, "25_Choco_receipt_00374_1": 0.2, "26_Mochi_receipt_00374_1": 0.4, "0_1.93\u20ac_213_3": 0.4, "1_FLUOR&PL_213_3": 0.125, "2_75ML_213_3": 0.5, "3_DENT_213_3": 0.5, "4_P.H.CRF_213_3": 0.0, "5_2.26\u20ac_213_3": 0.4, "6_4_213_3": 0.0, "7_RLX_213_3": 0.0, "8_ECOP_213_3": 0.0, "9_LINGET.INTIME_213_3": 0.23076923076923078, "10_1.85\u20ac_213_3": 0.4, "11_10_213_3": 1.0, "12_ALIMENTAIRE_213_3": 0.18181818181818182, "13_81.98\u20ac_213_3": 0.3333333333333333, "14_TOTAL_213_3": 0.0, "15_1.36\u20ac_213_3": 0.4, "16_2.98\u20ac_213_3": 0.4, "17_*XTREM_213_3": 0.16666666666666666, "18_CHOCO_213_3": 0.0, "19_NOISET_213_3": 0.0, "20_GRAPPE_213_3": 0.0, "21_1.44\u20ac_213_3": 0.6, "22_*TOMATE_213_3": 0.2857142857142857, "23_POULET_213_3": 0.0, "24_1.20\u20ac_213_3": 0.4, "25_*TABOULE_213_3": 0.0, "26_1.55\u20ac_213_3": 0.4, "27_TOMATE_213_3": 0.16666666666666666, "28_CERIS_213_3": 0.0, "29_SAUCE_213_3": 0.0, "30_1.73\u20ac_213_3": 0.4, "31_*RAVIOLIS_213_3": 0.0, "32_PANZANI_213_3": 0.14285714285714285, "33_*QUENEL_213_3": 0.14285714285714285, "34_VOLAI.PJEAN_213_3": 0.18181818181818182, "35_MOYENNE_213_3": 0.2857142857142857, "36_1.51\u20ac_213_3": 0.4, "37_*POMME_213_3": 0.5, "38_GALA_213_3": 0.0, "39_1.59\u20ac_213_3": 0.4, "40_*POMME_213_3": 0.3333333333333333, "41_DE_213_3": 0.0, "42_TERRE_213_3": 0.0, "43_CRF_213_3": 0.0, "44_1.08\u20ac_213_3": 0.4, "45_URT_213_3": 1.0, "46_*POIRE_213_3": 0.0, "47_WILLIAM_213_3": 0.2857142857142857, "48_1.30\u20ac_213_3": 0.4, "49_CHEVRE_213_3": 0.16666666666666666, "50_LARD._213_3": 0.0, "51_*PIZZA_213_3": 0.6666666666666666, "0_000134_566_2": 0.0, "1_005_566_2": 0.3333333333333333, "2_18/03/2017_566_2": 0.0, "3_0120_566_2": 0.0, "4_16:44:16_566_2": 0.0, "5_(*)_566_2": 0.3333333333333333, "6_Eligibles_566_2": 0.0, "7_Articles_566_2": 0.0, "8_TR_566_2": 0.0, "9_16.91\u20ac_566_2": 0.3333333333333333, "10_aux_566_2": 0.0, "11_:_566_2": 1.0, "12_Carte_566_2": 0.0, "13_10.07\u20ac_566_2": 0.3333333333333333, "14_BANCAIRE_566_2": 0.0, "15_EMV_566_2": 0.0, "16_EUR_566_2": 0.0, "17_CARTE_566_2": 0.0, "18_Reference_566_2": 0.0, "19_9.00\u20ac_566_2": 0.4, "20_EUR_566_2": 0.0, "21_RESTAURANT_566_2": 0.0, "22_TITRES_566_2": 0.0, "23_19.07\u20ac_566_2": 0.3333333333333333, "24_ARTICLE_566_2": 0.0, "25_(S)_566_2": 0.3333333333333333, "26_PAYER_566_2": 0.0, "27_TOTAL_566_2": 0.8, "28_A_566_2": 0.0, "29_10_566_2": 0.0, "0_ _receipt_00400_0": 2.0, "0_+Ice_receipt_00732_0": 1.0, "1_19.000_receipt_00732_0": 0.16666666666666666, "2_+S_receipt_00732_0": 1.0, "3_Latte_receipt_00732_0": 0.0, "4_Viet_receipt_00732_0": 0.0, "5_1_receipt_00732_0": 1.0, "6_TAKEOUT(1):_receipt_00732_0": 0.0, "0_CHANGE:_receipt_00740_1": 0.0, "1_0_receipt_00740_1": 0.0, "2_94,000_receipt_00740_1": 0.16666666666666666, "3_DEBIT:_receipt_00740_1": 0.0, "4_94,000_receipt_00740_1": 0.0, "5_Total:_receipt_00740_1": 0.0, "6_94,000_receipt_00740_1": 0.0, "7_Subtotal:_receipt_00740_1": 0.0, "0_DESCRIPTION_159_0": 0.0, "1_QTE_159_0": 0.6666666666666666, "2_MONTANT_159_0": 0.2857142857142857, "3_:_159_0": 1.0, "4_Tel_159_0": 0.0, "5_17000_159_0": 0.0, "6_LA_159_0": 0.0, "7_ROCHELLE_159_0": 0.0, "8_33_159_0": 0.0, "9_RUE_159_0": 0.0, "10_DE_159_0": 0.0, "11_LA_159_0": 0.5, "12_SCIERIE_159_0": 0.0, "13_CRF-CITY_159_0": 0.0, "14_LA_159_0": 0.0, "15_ROCHELLE_159_0": 0.0, "0_Qty_receipt_00240_1": 0.0, "1_1_receipt_00240_1": 1.0, "2_Total_receipt_00240_1": 0.0, "3_9,000_receipt_00240_1": 0.0, "4_9,000_receipt_00240_1": 0.2, "5_1_receipt_00240_1": 1.0, "6_9,000_receipt_00240_1": 0.2, "0_Total_receipt_00526_1": 0.0, "1_14.000_receipt_00526_1": 0.0, "2_Subtotal_receipt_00526_1": 0.0, "3_14.000_receipt_00526_1": 0.0, "4_+Ice_receipt_00526_1": 0.0, "5_+S_receipt_00526_1": 1.0, "6_1_receipt_00526_1": 0.0, "7_Passionfruit_receipt_00526_1": 0.0, "8_Mojito_receipt_00526_1": 0.0, "9_14.000_receipt_00526_1": 0.0, "0_ _receipt_00789_0": 2.0, "0_333,99_701_1": 0.3333333333333333, "1_Carte_701_1": 0.0, "2_Manuelle_701_1": 0.125, "3_eur_701_1": 0.0, "4_333,99_701_1": 1.0, "5_Total_701_1": 1.0, "6_EUR_701_1": 0.0, "7_28,33_701_1": 0.2, "8_5,67_701_1": 0.25, "9_20_701_1": 0.0, "10_Tva_701_1": 0.0, "11_HT_701_1": 0.0, "12_Montant_701_1": 0.0, "13_TVA_701_1": 0.0, "14_Montant_701_1": 0.0, "15_REMA_701_1": 0.0, "16_UPRINT_701_1": 0.0, "17_20ML_701_1": 0.0, "18_BK+CMY_701_1": 0.0, "19_333,99_701_1": 0.16666666666666666, "20_PACK.CART_701_1": 0.1111111111111111, "21_HP_701_1": 0.0, "22_301XL_701_1": 0.2, "23_79399536_701_1": 0.0, "0_QTE_437_0": 0.0, "1_MONTANT_437_0": 0.14285714285714285, "2_DESCRIPTION_437_0": 0.0, "3_Tel_437_0": 0.0, "4_17000_437_0": 0.0, "5_33_437_0": 0.5, "6_RUE_437_0": 0.0, "7_DE_437_0": 0.0, "8_LA_437_0": 0.0, "9_SCIERIE_437_0": 0.14285714285714285, "10_CRF-CITY_437_0": 0.0, "11_LA_437_0": 0.0, "12_ROCHELLE_437_0": 0.0, "0_BIENTOT_549_2": 0.0, "1_MERCI_549_2": 0.0, "2_DE_549_2": 0.0, "3_VOTRE_549_2": 0.0, "4_VISITE_549_2": 0.0, "0_jours_765_2": 0.0, "1_60_765_2": 0.0, "2_echange_765_2": 0.14285714285714285, "3_Reprise_765_2": 0.0, "4_ou_765_2": 0.0, "5_des_765_2": 0.0, "6_articles_765_2": 0.0, "7_sous_765_2": 0.0, "8_6001_765_2": 1.25, "9_3400_765_2": 0.5, "10_2001_765_2": 0.5, "11_9981_765_2": 1.0, "12_17_765_2": 1.0, "13_:_765_2": 1.0, "14_A_765_2": 0.0, "15_TICKET_765_2": 0.0, "16_199811_765_2": 0.0, "17_17:09:41_765_2": 0.0, "18_21/01/2017_765_2": 0.0, "19_:_765_2": 2.0, "20_149_765_2": 0.0, "21_CAISSE_765_2": 0.16666666666666666, "22_02_765_2": 0.0, "23_LE_765_2": 0.0, "24_-_765_2": 1.0, "25_Abescat_765_2": 0.0, "26_Florence_765_2": 0.0, "27_Client_765_2": 0.0, "28_No_765_2": 0.0, "29_de_765_2": 0.0, "30_carte_765_2": 0.0, "31_:_765_2": 1.0, "32_Nombre_765_2": 0.0, "33_retours_765_2": 0.0, "34_:_765_2": 1.0, "35_de_765_2": 0.0, "36_0_765_2": 1.0, "37_:_765_2": 1.0, "38_d'articles_765_2": 0.0, "39_Nombre_765_2": 0.0, "40_1_765_2": 0.0, "0_Change_receipt_00273_1": 0.0, "1_10,000_receipt_00273_1": 0.16666666666666666, "2_Pay Cash_receipt_00273_1": 0.0, "3_51,000_receipt_00273_1": 0.0, "4_41,000_receipt_00273_1": 0.0, "5_Total_receipt_00273_1": 0.2, "6_ITEMS:_receipt_00273_1": 0.0, "7_1_receipt_00273_1": 1.0, "8_0_receipt_00273_1": 1.0, "9_1_receipt_00273_1": 1.0, "10_sedikit_receipt_00273_1": 0.0, "11_- Pedas_receipt_00273_1": 0.0, "12_41,000_receipt_00273_1": 0.0, "13_1_receipt_00273_1": 2.0, "14_Chicken_receipt_00273_1": 0.0, "15_BBQ_receipt_00273_1": 0.0, "0_A_533_2": 0.0, "1_BIENTOT_533_2": 0.0, "2_DE_533_2": 0.0, "3_VOTRE_533_2": 0.0, "4_MERCI_533_2": 0.0, "5_VISITE_533_2": 0.0, "6_000122_533_2": 0.0, "7_01/06/2017_533_2": 0.0, "8_0001_533_2": 0.0, "9_005_533_2": 0.3333333333333333, "10_12:47:20_533_2": 0.0, "0_ _receipt_00089_0": 1.0, "0_A_124_2": 0.0, "1_BIENTOT_124_2": 0.0, "0_12,000_receipt_00315_0": 0.0, "1_SOBORO_receipt_00315_0": 0.0, "2_CUSTARD_receipt_00315_0": 0.0, "3_1_receipt_00315_0": 1.0, "0_PB1_receipt_00348_1": 0.3333333333333333, "1_Sales_receipt_00348_1": 0.0, "2_included_receipt_00348_1": 0.0, "3_45,000_receipt_00348_1": 0.0, "4_GOPAY_receipt_00348_1": 0.0, "0_Kembali_receipt_00198_1": 0.42857142857142855, "1_-30,000_receipt_00198_1": 0.14285714285714285, "0_16,000_receipt_00768_0": 0.0, "1_1_receipt_00768_0": 1.0, "2_ROYAL_receipt_00768_0": 0.0, "3_CHEESE_receipt_00768_0": 0.0, "4_TART_receipt_00768_0": 0.0, "5_19,000_receipt_00768_0": 0.0, "6_POTATO_receipt_00768_0": 0.0, "7_SAUSAGE_receipt_00768_0": 0.0, "8_BREAD_receipt_00768_0": 0.0, "9_1_receipt_00768_0": 2.0, "10_PAIN_receipt_00768_0": 0.0, "11_CAFE_receipt_00768_0": 0.0, "12_MOCHA_receipt_00768_0": 0.0, "13_46,000_receipt_00768_0": 0.0, "14_4_receipt_00768_0": 0.0, "15_AU_receipt_00768_0": 0.0, "16_9,000_receipt_00768_0": 0.0, "17_1_receipt_00768_0": 0.0, "18_TWIST_receipt_00768_0": 0.0, "19_DONUT_receipt_00768_0": 0.0, "0_T-CASH_receipt_00576_1": 0.16666666666666666, "1_23.000_receipt_00576_1": 0.5, "0_:_402_0": 1.0, "1_Tel_402_0": 0.0, "2_17000_402_0": 0.0, "3_LA_402_0": 0.0, "4_ROCHELLE_402_0": 0.0, "5_33_402_0": 0.0, "6_RUE_402_0": 0.0, "7_DE_402_0": 0.0, "8_LA_402_0": 0.5, "9_SCIERIE_402_0": 0.0, "10_CRF-CITY_402_0": 0.0, "11_ROCHELLE_402_0": 0.0, "12_LA_402_0": 0.0, "0_ _receipt_00175_0": 2.0, "0_A_80_2": 0.0, "1_BIENTOT_80_2": 0.0, "2_VOTRE_80_2": 0.0, "3_MERCI_80_2": 0.2, "4_DE_80_2": 0.0, "5_VISITE_80_2": 0.0, "6_0005_80_2": 0.5, "7_000417_80_2": 0.0, "8_19/12/2016_80_2": 0.2, "9_003_80_2": 0.0, "10_19:59:24_80_2": 0.0, "11_Votre_80_2": 0.0, "12_Monnaie_80_2": 0.0, "13_-2.48\u20ac_80_2": 0.5, "14_20.00\u20ac_80_2": 0.3333333333333333, "15_EUR_80_2": 0.0, "16_ESPECES_80_2": 0.0, "0_Kembalian_receipt_00608_1": 0.1111111111111111, "1_0_receipt_00608_1": 0.0, "2_GOPAY_receipt_00608_1": 0.2, "3_75.000_receipt_00608_1": 0.0, "4_Total_receipt_00608_1": 0.0, "5_75.000_receipt_00608_1": 0.16666666666666666, "6_Delivery_receipt_00608_1": 0.0, "7_0_receipt_00608_1": 0.0, "8_Subtotal_receipt_00608_1": 0.25, "9_75.000_receipt_00608_1": 0.0, "10_+B._receipt_00608_1": 1.0, "11_TELOR_receipt_00608_1": 0.0, "12_BESAR_receipt_00608_1": 0.0, "13_1_receipt_00608_1": 0.0, "14_DAGING_receipt_00608_1": 0.16666666666666666, "15_SAPI_receipt_00608_1": 0.5, "16_75.000_receipt_00608_1": 0.0, "0_*LEGUME_95_1": 0.14285714285714285, "1_2.41_95_1": 0.25, "2_DU_95_1": 0.0, "3_SUD_95_1": 0.6666666666666666, "4_1L_95_1": 0.5, "5_2x_95_1": 1.0, "6_4.82\u20ac_95_1": 0.4, "7_3.95_95_1": 0.75, "8_ROCHELOISE_95_1": 0.0, "9_BLONDE_95_1": 0.0, "10_2x_95_1": 0.5, "11_7.90\u20ac_95_1": 0.4, "12_*LA_95_1": 0.3333333333333333, "13_6_95_1": 0.0, "14_6.95\u20ac_95_1": 0.4, "15_*GALETTE_95_1": 0.125, "16_POMME_95_1": 0.4, "17_PART_95_1": 0.0, "18_1.1681_95_1": 0.0, "19_x_95_1": 0.0, "20_5.95\u20ac_95_1": 0.4, "21_6.95\u20ac_95_1": 0.4, "22_*GALETTE_95_1": 0.125, "23_AMANDE_95_1": 0.3333333333333333, "24_6_95_1": 1.0, "25_PAR_95_1": 0.0, "26_1.41\u20ac_95_1": 0.4, "27_*FROM.TARTINER_95_1": 0.07142857142857142, "28_AFH_95_1": 0.0, "29_3.16\u20ac_95_1": 0.4, "30_PAYSANNE_95_1": 0.0, "31_SEL_95_1": 0.0, "32_2x_95_1": 1.0, "33_1.58_95_1": 0.0, "34_*CHIPS_95_1": 0.16666666666666666, "35_*CHAMPIGNONS_95_1": 0.16666666666666666, "36_BRUNS_95_1": 0.0, "37_25_95_1": 0.0, "38_1.95\u20ac_95_1": 0.4, "39_2x_95_1": 0.5, "40_0.84_95_1": 0.0, "41_1.68\u20ac_95_1": 0.4, "42_*BAGUETTE_95_1": 0.0, "43_250G_95_1": 0.25, "44_4.14\u20ac_95_1": 0.4, "45_*75_95_1": 0.3333333333333333, "46_VDP_95_1": 1.0, "47_OC_95_1": 1.0, "48_RG_95_1": 0.5, "49_BIO09_95_1": 0.6, "50_5.75\u20ac_95_1": 0.4, "51_RGE_95_1": 0.0, "52_ML_95_1": 0.5, "53_BIO_95_1": 0.0, "54_*75_95_1": 0.3333333333333333, "55_BDX_95_1": 0.3333333333333333, "56_1.99\u20ac_95_1": 0.4, "57_STE_95_1": 0.0, "58_MAURE_95_1": 0.2, "59_*200G_95_1": 0.4, "60_3.12e_95_1": 0.4, "61_SCHOKOBONS_95_1": 0.0, "62_KI_95_1": 0.5, "63_*200G_95_1": 0.2, "64_3.25\u20ac_95_1": 0.4, "65_MOY.CRF_95_1": 0.2857142857142857, "66_*100EUF.BIO_95_1": 0.36363636363636365, "0_CASH_receipt_00039_1": 0.0, "1_70,000_receipt_00039_1": 0.16666666666666666, "2_TL_receipt_00039_1": 1.0, "3_H_receipt_00039_1": 0.0, "4_COUPLE_receipt_00039_1": 0.0, "5_SEA_receipt_00039_1": 0.0, "6_70,000_receipt_00039_1": 0.0, "0_aviez_595_1": 0.0, "1_fidelite,_595_1": 0.0, "2_la_595_1": 0.0, "3_carte_595_1": 0.0, "4_CARTE_595_1": 0.0, "5_BANCAIRE_595_1": 0.0, "6_EMV_595_1": 0.0, "7_EUR_595_1": 0.0, "8_9.47\u20ac_595_1": 0.4, "9_6_595_1": 0.0, "10_(S)_595_1": 0.3333333333333333, "11_ARTICLE_595_1": 0.0, "12_TOTAL_595_1": 0.8, "13_A_595_1": 0.0, "14_PAYER_595_1": 0.0, "15_9.47\u20ac_595_1": 0.4, "16_*TOMATE_595_1": 0.42857142857142855, "17_RONDE_595_1": 0.0, "18_2.50\u20ac_595_1": 0.4, "19_FILET_595_1": 0.0, "20_1_595_1": 0.0, "21_1L_595_1": 0.5, "22_*PET_595_1": 0.25, "23_PJ_595_1": 0.0, "24_MULTIFRU_595_1": 0.125, "25_1.93\u20ac_595_1": 0.4, "26_1.14\u20ac_595_1": 0.4, "27_*CHAMPIGNON_595_1": 0.36363636363636365, "28_BQ_595_1": 0.5, "29_250G_595_1": 0.25, "30_0.99\u20ac_595_1": 0.4, "31_1.050kg_595_1": 0.0, "32_1.95\u20ac/kg_595_1": 0.125, "33_x_595_1": 1.0, "34_*BANANE_595_1": 0.0, "35_2.05\u20ac_595_1": 0.4, "36_*1L_595_1": 0.6666666666666666, "37_LT_595_1": 0.5, "38_1/2EC_595_1": 0.4, "39_LACTEL_595_1": 0.0, "40_0.86\u20ac_595_1": 0.4, "0_A_806_1": 0.0, "1_bientot_806_1": 0.14285714285714285, "2_!_806_1": 0.0, "3_WWW.CROCBOOK._806_1": 0.23076923076923078, "4_FR_806_1": 0.0, "5_Retrouvez_806_1": 0.0, "6_nous_806_1": 0.0, "7_sur_806_1": 0.0, "8_118_806_1": 0.0, "9_561_806_1": 0.0, "10_Rochelle_806_1": 0.0, "11_449_806_1": 0.3333333333333333, "12_RCS_806_1": 0.0, "13_La_806_1": 0.0, "14_14._806_1": 0.0, "15_00_806_1": 0.0, "16_BLEUE_806_1": 0.0, "17_CARTE_806_1": 0.0, "18_0.73_806_1": 0.0, "19_5._806_1": 1.0, "20_5%_806_1": 0.0, "21_TVA_806_1": 0.6666666666666666, "22_DONT_806_1": 0.0, "23_13.27_806_1": 0.4, "24_5%_806_1": 0.0, "25_HT_806_1": 0.0, "26_TVA_806_1": 0.6666666666666666, "27_14.00_806_1": 0.0, "28_TOTAL._806_1": 0.16666666666666666, "29_*_806_1": 2.0, "30_*_806_1": 2.0, "31_10.00_806_1": 0.0, "32_5.00_806_1": 0.0, "33_DESSINNEE_806_1": 0.0, "34_BANDE_806_1": 0.0, "35_2_806_1": 0.0, "0_RP_receipt_00053_1": 1.0, "1_CHANGE_receipt_00053_1": 0.16666666666666666, "2_0_receipt_00053_1": 2.0, "3_RP_receipt_00053_1": 1.0, "4_36.000_receipt_00053_1": 0.6666666666666666, "5_DEBIT_receipt_00053_1": 0.8, "6_RP_receipt_00053_1": 1.0, "7_PAID_receipt_00053_1": 0.5, "8_36.000_receipt_00053_1": 1.0, "9_ROUNDED_receipt_00053_1": 0.0, "10_RP_receipt_00053_1": 1.0, "11_0_receipt_00053_1": 1.0, "12_0_receipt_00053_1": 1.0, "13_RP_receipt_00053_1": 1.0, "14_DISCOUNT_receipt_00053_1": 0.125, "15_RP_receipt_00053_1": 1.0, "16_36.000_receipt_00053_1": 0.6666666666666666, "17_PCS_receipt_00053_1": 1.0, "18_^^SUBTOTAL_receipt_00053_1": 0.2, "19_4_receipt_00053_1": 1.0, "0_*HAIS_472_1": 0.4, "1_DOUX_472_1": 0.75, "2_BIO_472_1": 0.0, "3_1.85\u20ac_472_1": 0.4, "4_ROUGE_472_1": 0.0, "5_NAT_472_1": 0.3333333333333333, "6_1.97\u20ac_472_1": 0.4, "7_HARICOT_472_1": 0.14285714285714285, "8_1.24\u20ac_472_1": 0.4, "9_*GINGEMBRE_472_1": 0.1, "10_0.69\u20ac_472_1": 0.4, "11_FQC_472_1": 0.6666666666666666, "12_FLT_472_1": 0.3333333333333333, "13_SAUHON_472_1": 0.3333333333333333, "14_25.10\u20ac_472_1": 0.0, "15_*COURGETTE_472_1": 0.1, "16_0.84\u20ac_472_1": 0.8, "17_*CHAMP.HOYEN_472_1": 0.3333333333333333, "18_P.C_472_1": 1.0, "19_4.25\u20ac_472_1": 0.0, "20_3.71\u20ac_472_1": 0.4, "21_*AUBERGINE_472_1": 0.1, "22_3.22\u20ac_472_1": 0.4, "23_AIGUILLETTE_472_1": 0.09090909090909091, "24_PLT_472_1": 0.0, "25_VINAIGRE_472_1": 0.0, "26_VIN_472_1": 0.0, "27_75CL_472_1": 0.5, "28_3.50\u20ac_472_1": 0.0, "29_2.30\u20ac_472_1": 0.4, "30_350G_472_1": 0.25, "31_PAINS_472_1": 0.0, "32_LAIT_472_1": 0.0, "33_1.15_472_1": 0.0, "34_2x_472_1": 1.0, "35_CROISSANTS_472_1": 0.0, "36_X8_472_1": 0.5, "37_1.80\u20ac_472_1": 0.4, "38_320G_472_1": 0.25, "39_*1L_472_1": 0.6666666666666666, "40_SOJA_472_1": 0.5, "41_BOIRE_472_1": 0.0, "42_1.63\u20ac_472_1": 0.4, "43_A_472_1": 0.0, "44_CROISSANTS_472_1": 0.0, "45_16_472_1": 0.5, "46_4.75\u20ac_472_1": 0.0, "47_REMISE_472_1": 0.16666666666666666, "48_-0.83\u20ac_472_1": 0.3333333333333333, "49_PREM._472_1": 0.2, "50_FR._472_1": 0.0, "51_2.78\u20ac_472_1": 0.4, "52_12_472_1": 1.0, "53_OEUFS_472_1": 0.0, "0_DESCRIPTION_90_0": 0.2727272727272727, "1_QTE_90_0": 1.0, "2_MONTANT_90_0": 0.14285714285714285, "3_:_90_0": 1.0, "4_Tel_90_0": 0.0, "5_17000_90_0": 0.0, "6_33_90_0": 0.5, "7_RUE_90_0": 0.0, "8_DE_90_0": 0.0, "9_LA_90_0": 0.0, "10_SCIERIE_90_0": 0.0, "11_CRF-CITY_90_0": 0.0, "12_LA_90_0": 0.5, "13_ROCHELLE_90_0": 0.0, "0_:_608_2": 2.0, "1_NOMBRE_608_2": 0.0, "2_D'ARTICLES_608_2": 0.0, "3_5_608_2": 2.0, "4_20%_608_2": 0.0, "5_2_608_2": 0.0, "6_TVA_608_2": 0.0, "7_2.61_608_2": 0.0, "8_13.04_608_2": 0.0, "9_HT_608_2": 0.0, "10_DETAIL_608_2": 0.0, "11_TVA_608_2": 0.0, "12_RENDU_608_2": 0.0, "13_0.00_608_2": 0.5, "14_-125.25_608_2": 0.14285714285714285, "15_AVOIR_608_2": 0.0, "16_140.90_608_2": 0.0, "17_AVOIR_608_2": 0.0, "18_TOTAL_608_2": 0.0, "19_15.65_608_2": 0.0, "20_SOUS-TOTAL_608_2": 0.0, "21_15.65_608_2": 1.2, "0_CHANGED_receipt_00382_1": 0.0, "1_70.000_receipt_00382_1": 0.3333333333333333, "2_CASH_receipt_00382_1": 0.0, "3_100.000_receipt_00382_1": 0.14285714285714285, "4_TOTAL_receipt_00382_1": 0.0, "0_71.000_receipt_00733_1": 1.0, "1_Change:_receipt_00733_1": 0.5714285714285714, "2_Tendered:_receipt_00733_1": 0.3333333333333333, "3_100.000_receipt_00733_1": 0.42857142857142855, "4_Cash_receipt_00733_1": 0.75, "5_Total._receipt_00733_1": 0.3333333333333333, "6_29.000_receipt_00733_1": 0.5, "7_Total_receipt_00733_1": 0.6, "8_Item:_receipt_00733_1": 1.0, "9_2_receipt_00733_1": 1.0, "10_0_receipt_00733_1": 1.0, "11_0_receipt_00733_1": 1.0, "12_x1_receipt_00733_1": 1.0, "13_6001-Plastic_receipt_00733_1": 0.9166666666666666, "14_Bag_receipt_00733_1": 1.0, "15_Small_receipt_00733_1": 0.8, "0_ _receipt_00712_0": 0.0, "0_BANCAIRE:_766_1": 0.1111111111111111, "1_27,22_766_1": 1.0, "2_CARTE_766_1": 0.2, "3_PAIEMENT_766_1": 0.125, "4_EN_766_1": 0.0, "5_EURO_766_1": 0.0, "6_EURO_766_1": 0.25, "7_27,22_766_1": 0.2, "8_NET_766_1": 0.0, "9_A_766_1": 0.0, "10_PAYER_766_1": 0.0, "11_EN_766_1": 0.0, "12_16,99_766_1": 0.0, "13_16,99_766_1": 0.2, "14_136969_766_1": 0.0, "15_DIFF._766_1": 0.0, "16_GAMM._766_1": 0.0, "17_MED._766_1": 0.0, "18_MU._766_1": 0.3333333333333333, "19_0,95_766_1": 0.0, "20_0,95_766_1": 0.25, "21_105840_766_1": 0.0, "22_(02)_766_1": 0.0, "23_BGIE_766_1": 0.0, "24_VR_766_1": 0.0, "25_PRNE_766_1": 0.0, "26_1,29_766_1": 0.75, "27_1,29_766_1": 0.75, "28_161213_766_1": 0.0, "29_(02)_766_1": 0.0, "30_RCH_766_1": 0.3333333333333333, "31_BTNNTS_766_1": 0.0, "32_RTN_766_1": 0.0, "33_7,99_766_1": 1.0, "34_7,99_766_1": 0.0, "35_126324_766_1": 0.0, "36_recu_766_1": 0.25, "37_par_766_1": 0.0, "38_NATHALIE_766_1": 0.0, "39_D._766_1": 0.5, "40_Vous_766_1": 0.0, "41_avez_766_1": 0.0, "42_ete_766_1": 0.3333333333333333, "0_:_160_0": 1.0, "1_Tel_160_0": 0.0, "2_17000_160_0": 0.0, "3_LA_160_0": 0.0, "4_ROCHELLE_160_0": 0.0, "5_33_160_0": 0.0, "6_RUE_160_0": 0.0, "7_DE_160_0": 0.0, "8_SCIERIE_160_0": 0.0, "9_LA_160_0": 0.0, "10_CRF-CITY_160_0": 0.0, "11_LA_160_0": 0.0, "12_ROCHELLE_160_0": 0.0, "0_391,545_receipt_00624_1": 0.0, "1_TOTAL_receipt_00624_1": 0.0, "2_Discount_receipt_00624_1": 0.125, "3_0_receipt_00624_1": 0.0, "4_35,595_receipt_00624_1": 0.0, "5_Tax_receipt_00624_1": 0.3333333333333333, "6_Service_receipt_00624_1": 0.0, "7_16,950_receipt_00624_1": 0.0, "8_Sub_receipt_00624_1": 0.0, "9_Total_receipt_00624_1": 0.6, "10_339,000_receipt_00624_1": 0.0, "11_140,000_receipt_00624_1": 0.0, "12_Chum_receipt_00624_1": 0.25, "13_Churum_receipt_00624_1": 1.0, "14_1_receipt_00624_1": 1.0, "15_Bintang_receipt_00624_1": 0.0, "16_L_receipt_00624_1": 1.0, "17_59,000_receipt_00624_1": 0.0, "18_1_receipt_00624_1": 0.0, "19_Corn_receipt_00624_1": 0.5, "20_45,000_receipt_00624_1": 0.0, "21_Butter_receipt_00624_1": 0.0, "22_Cheese_receipt_00624_1": 0.0, "23_1_receipt_00624_1": 1.0, "24_Sauce_receipt_00624_1": 0.0, "25_H_receipt_00624_1": 0.0, "26_Soy_receipt_00624_1": 0.3333333333333333, "27_Chicken_receipt_00624_1": 1.0, "28_95,000_receipt_00624_1": 0.0, "29_1_receipt_00624_1": 1.0, "0_32,001_receipt_00762_1": 0.0, "1_50,000_receipt_00762_1": 0.0, "2_cash:_receipt_00762_1": 0.2, "3_1,636_receipt_00762_1": 0.4, "4_PB1:_receipt_00762_1": 0.75, "0_09/05/2016_227_3": 0.1, "1_19:41:30_227_3": 0.0, "2_0106_227_3": 0.25, "3_009_227_3": 0.3333333333333333, "4_000143_227_3": 0.0, "5_70.18\u20ac_227_3": 0.3333333333333333, "6_EUR_227_3": 0.0, "7_BANCAIRE_227_3": 0.0, "8_EMV_227_3": 0.0, "9_CARTE_227_3": 0.0, "10_70.18\u20ac_227_3": 0.3333333333333333, "11_(S)_227_3": 0.6666666666666666, "12_A_227_3": 0.0, "13_PAYER_227_3": 0.0, "14_ARTICLE_227_3": 0.0, "15_TOTAL_227_3": 0.8, "16_39_227_3": 0.0, "17_9.64\u20ac_227_3": 0.4, "18_/_227_3": 1.0, "19_BEAUTE_227_3": 0.0, "20_/_227_3": 1.0, "21_SANTE_227_3": 0.0, "22_HYGIENE_227_3": 0.0, "23_TOTAL_227_3": 0.8, "24_1.28\u20ac_227_3": 0.4, "25_GD_227_3": 1.0, "26_LAIT_227_3": 0.25, "27_COTON_227_3": 0.8, "28_CRF_227_3": 0.0, "29_2.86\u20ac_227_3": 0.4, "30_RLX_227_3": 0.3333333333333333, "31_ESSUIE_227_3": 0.0, "32_X6_227_3": 0.5, "33_TOUT_227_3": 0.75, "34_0.77\u20ac_227_3": 0.4, "35_BATONNE.OUATES_227_3": 0.21428571428571427, "36_CRF_227_3": 0.0, "37_MARINE_227_3": 0.0, "38_1.53\u20ac_227_3": 0.4, "39_WC_227_3": 1.0, "40_BLOC_227_3": 0.0, "41_3.20\u20ac_227_3": 0.4, "42_250ML_227_3": 0.2, "43_SH.J.DESSANG_227_3": 0.0, "0_Change:_receipt_00464_1": 0.0, "1_46,000_receipt_00464_1": 0.0, "2_54,000_receipt_00464_1": 0.0, "3_[54,000]_receipt_00464_1": 0.0, "4_~ CASH_receipt_00464_1": 0.16666666666666666, "5_GRAND_receipt_00464_1": 0.2, "6_TOTAL_receipt_00464_1": 0.0, "7_TAX_receipt_00464_1": 0.0, "8_RESTAURANT_receipt_00464_1": 0.0, "9_4,909_receipt_00464_1": 0.4, "10_49,091_receipt_00464_1": 0.0, "11_SUB._receipt_00464_1": 0.25, "12_TOTAL_receipt_00464_1": 0.0, "0_Other_receipt_00233_1": 0.0, "1_Rp_receipt_00233_1": 0.0, "2_29.700_receipt_00233_1": 0.0, "3_Rp_receipt_00233_1": 0.0, "4_Total_receipt_00233_1": 0.0, "5_29.700_receipt_00233_1": 0.0, "6_(10.0%)_receipt_00233_1": 0.0, "7_Rp_receipt_00233_1": 0.5, "8_Tax_receipt_00233_1": 0.0, "9_2.700_receipt_00233_1": 0.0, "10_Subtotal_receipt_00233_1": 0.0, "11_Rp_receipt_00233_1": 0.5, "12_27.000_receipt_00233_1": 0.16666666666666666, "0_ _receipt_00318_1": 2.0, "0_VENDEUR_806_2": 0.0, "1_O_806_2": 1.0, "2_67_806_2": 0.5, "3_Tick_806_2": 0.0, "0_ _receipt_00479_0": 6.0, "0_CHEESE_receipt_00698_0": 0.16666666666666666, "1_1_receipt_00698_0": 0.0, "2_VOLCANO_receipt_00698_0": 0.0, "3_23,000_receipt_00698_0": 0.0, "0_Change:_receipt_00202_1": 0.14285714285714285, "1_0_receipt_00202_1": 1.0, "2_51,000_receipt_00202_1": 0.0, "3_[51,000]_receipt_00202_1": 0.0, "4_DEBI.._receipt_00202_1": 0.6666666666666666, "5_~ BCA_receipt_00202_1": 0.4, "6_GRAND_receipt_00202_1": 0.0, "7_TOTAL_receipt_00202_1": 0.0, "8_4,636_receipt_00202_1": 0.0, "9_RESTAURANT_receipt_00202_1": 0.0, "10_TAX_receipt_00202_1": 0.0, "11_46,364_receipt_00202_1": 0.16666666666666666, "12_TOTAL_receipt_00202_1": 0.0, "13_SUB._receipt_00202_1": 1.0, "0_A_594_2": 0.0, "1_BIENTOT_594_2": 0.14285714285714285, "2_MERCI_594_2": 0.2, "3_DE_594_2": 0.0, "4_VOTRE_594_2": 0.0, "5_VISITE_594_2": 0.0, "6_0007_594_2": 0.0, "7_26/04/2017_594_2": 0.0, "8_16:11:09_594_2": 0.25, "9_001_594_2": 0.3333333333333333, "10_000540_594_2": 0.0, "11_produits_594_2": 0.0, "12_Carrefou_594_2": 0.0, "13_0.14\u20ac_594_2": 0.4, "14_5%_594_2": 0.0, "15_Details:_594_2": 0.0, "16_:_594_2": 1.0, "17_Carte_594_2": 0.0, "0_:_170_0": 2.0, "1_Tel_170_0": 0.0, "2_17000_170_0": 0.0, "3_LA_170_0": 0.0, "4_ROCHELLE_170_0": 0.0, "5_33_170_0": 0.0, "6_RUE_170_0": 0.0, "7_DE_170_0": 0.0, "8_LA_170_0": 0.0, "9_SCIERIE_170_0": 0.0, "10_CRF-CITY_170_0": 0.0, "11_LA_170_0": 0.0, "12_ROCHELLE_170_0": 0.0, "0_Again_X51005306399_2": 0.0, "1_Pleasae_X51005306399_2": 0.14285714285714285, "2_Cone_X51005306399_2": 0.0, "3_Thank_X51005306399_2": 0.0, "4_You_X51005306399_2": 0.0, "5_(b)_X51005306399_2": 0.3333333333333333, "6_(3)_X51005306399_2": 0.0, "7_2014_X51005306399_2": 0.0, "8_GST_X51005306399_2": 0.0, "9_Act_X51005306399_2": 0.0, "10_56_X51005306399_2": 0.0, "11_Section_X51005306399_2": 0.0, "12_under_X51005306399_2": 0.0, "13_Relief_X51005306399_2": 0.0, "14_Petrol_X51005306399_2": 0.0, "15_RON_X51005306399_2": 0.0, "16_95_X51005306399_2": 0.5, "17_Diesel_X51005306399_2": 0.0, "18_&_X51005306399_2": 0.0, "0_DESCRIPTION_218_0": 0.0, "1_QTE_218_0": 0.0, "2_MONTANT_218_0": 0.2857142857142857, "3_Gargot_218_0": 0.0, "4_Rue_218_0": 0.0, "5_Nicolas_218_0": 0.0, "6_Aytre._218_0": 0.0, "7_17440_218_0": 0.0, "8_Dimanche_218_0": 0.0, "9_9h_218_0": 0.5, "10_a_218_0": 1.0, "11_12h30_218_0": 0.0, "12_Lundi_218_0": 0.2, "13_au_218_0": 0.0, "14_Samedi_218_0": 0.0, "15_de_218_0": 0.0, "16_9h_218_0": 0.5, "17_a_218_0": 1.0, "18_20h00_218_0": 0.0, "19_:_218_0": 1.0, "20_Tel_218_0": 0.0, "21_0546457320_218_0": 0.0, "22_Carrefour_218_0": 0.0, "23_market_218_0": 0.0, "24_AYTRE_218_0": 0.0, "0_16.05.17_584_3": 0.0, "1_19:55_584_3": 0.0, "2_0045_584_3": 0.25, "3_18_584_3": 0.0, "4_0234_584_3": 0.0, "5_208_584_3": 0.0, "6_BWAAAH_584_3": 0.16666666666666666, "7_Lapins_584_3": 0.0, "8_Les_584_3": 0.0, "9_debarquent_584_3": 0.0, "10_Cretins_584_3": 0.0, "11_Carte_584_3": 0.0, "12_CARREFOUR_584_3": 0.0, "13_\u20ac_584_3": 0.0, "14_Cartes_584_3": 0.0, "15_Bancaires_584_3": 0.1111111111111111, "16_93,29_584_3": 0.4, "0_1_receipt_00000_1": 1.0, "1_x_receipt_00000_1": 1.0, "2_Ice_receipt_00000_1": 1.0, "3_Tea_receipt_00000_1": 0.0, "4_Tawar_receipt_00000_1": 0.2, "5_18,000_receipt_00000_1": 0.3333333333333333, "6_x_receipt_00000_1": 1.0, "7_1_receipt_00000_1": 1.0, "8_Bebek_receipt_00000_1": 0.6, "9_Street_receipt_00000_1": 0.5, "10_44,000_receipt_00000_1": 0.5, "11_1_receipt_00000_1": 1.0, "12_x_receipt_00000_1": 1.0, "13_Free_receipt_00000_1": 0.25, "14_Ice_receipt_00000_1": 1.0, "15_Tea_receipt_00000_1": 0.3333333333333333, "16_0_receipt_00000_1": 1.0, "17_x_receipt_00000_1": 1.0, "18_1_receipt_00000_1": 1.0, "19_Tahu_receipt_00000_1": 0.5, "20_Telor_receipt_00000_1": 0.2, "21_Asin_receipt_00000_1": 0.5, "22_40,000_receipt_00000_1": 0.3333333333333333, "23_1_receipt_00000_1": 1.0, "24_x_receipt_00000_1": 1.0, "25_Ice_receipt_00000_1": 0.0, "26_Kopi_receipt_00000_1": 0.25, "27_32,000_receipt_00000_1": 0.16666666666666666, "28_2_receipt_00000_1": 1.0, "29_x_receipt_00000_1": 1.0, "30_Hot_receipt_00000_1": 0.3333333333333333, "31_Tea_receipt_00000_1": 1.0, "32_44,000_receipt_00000_1": 0.16666666666666666, "33_x_receipt_00000_1": 1.0, "34_1_receipt_00000_1": 1.0, "35_Ayam_receipt_00000_1": 0.5, "36_Sambal_receipt_00000_1": 0.0, "37_Hija_receipt_00000_1": 0.75, "38_92,000_receipt_00000_1": 0.16666666666666666, "39_x_receipt_00000_1": 1.0, "40_3_receipt_00000_1": 1.0, "41_Bbk_receipt_00000_1": 0.6666666666666666, "42_Panggang_receipt_00000_1": 0.25, "43_Sam_receipt_00000_1": 0.6666666666666666, "44_366,000_receipt_00000_1": 0.42857142857142855, "45_x_receipt_00000_1": 1.0, "46_1_receipt_00000_1": 1.0, "47_Nasi_receipt_00000_1": 0.0, "48_Goreng_receipt_00000_1": 0.6666666666666666, "49_Samb_receipt_00000_1": 0.75, "50_70,000_receipt_00000_1": 0.16666666666666666, "51_x_receipt_00000_1": 1.0, "52_1_receipt_00000_1": 1.0, "53_Tahu_receipt_00000_1": 0.75, "54_Telor_receipt_00000_1": 0.4, "55_Asin_receipt_00000_1": 0.25, "56_40,000._receipt_00000_1": 0.2857142857142857, "57_x_receipt_00000_1": 1.0, "58_2_receipt_00000_1": 1.0, "59_Tempe_receipt_00000_1": 1.0, "60_Goreng_receipt_00000_1": 1.0, "61_36,000_receipt_00000_1": 0.16666666666666666, "62_2_receipt_00000_1": 1.0, "63_x_receipt_00000_1": 1.0, "64_Tahu_receipt_00000_1": 1.0, "65_Goreng_receipt_00000_1": 0.16666666666666666, "66_36,000_receipt_00000_1": 0.3333333333333333, "67_Ayam_receipt_00000_1": 1.0, "68_x_receipt_00000_1": 1.0, "69_1_receipt_00000_1": 1.0, "70_Suir_receipt_00000_1": 0.25, "71_Bali_receipt_00000_1": 0.75, "72_85,000_receipt_00000_1": 0.0, "73_x_receipt_00000_1": 1.0, "74_1_receipt_00000_1": 1.0, "75_Ice_receipt_00000_1": 1.0, "76_Orange_receipt_00000_1": 0.16666666666666666, "77_29,000_receipt_00000_1": 0.0, "78_x_receipt_00000_1": 1.0, "79_1_receipt_00000_1": 1.0, "80_Ice_receipt_00000_1": 0.6666666666666666, "81_Tea_receipt_00000_1": 0.6666666666666666, "82_18,000_receipt_00000_1": 0.0, "83_x_receipt_00000_1": 1.0, "84_Organic_receipt_00000_1": 0.2857142857142857, "85_1_receipt_00000_1": 1.0, "86_Green_receipt_00000_1": 0.2, "87_Sa_receipt_00000_1": 1.0, "88_65,000_receipt_00000_1": 0.0, "89_x_receipt_00000_1": 1.0, "90_3_receipt_00000_1": 1.0, "91_Free_receipt_00000_1": 0.5, "92_Ice_receipt_00000_1": 0.6666666666666666, "93_Tea_receipt_00000_1": 0.3333333333333333, "94_0_receipt_00000_1": 1.0, "95_x_receipt_00000_1": 1.0, "96_1_receipt_00000_1": 1.0, "97_Nasi_receipt_00000_1": 1.0, "98_Ayam_receipt_00000_1": 0.5, "99_Dewata_receipt_00000_1": 0.16666666666666666, "100_70,000_receipt_00000_1": 0.16666666666666666, "101_x_receipt_00000_1": 1.0, "102_1_receipt_00000_1": 1.0, "103_Ice_receipt_00000_1": 1.0, "104_Lemon_receipt_00000_1": 0.8, "105_Tea_receipt_00000_1": 0.0, "106_24,000_receipt_00000_1": 0.0, "107_x_receipt_00000_1": 3.0, "108_1_receipt_00000_1": 1.0, "109_MilkShake_receipt_00000_1": 0.5555555555555556, "110_Starwb_receipt_00000_1": 0.3333333333333333, "111_37,000_receipt_00000_1": 0.16666666666666666, "112_x_receipt_00000_1": 1.0, "113_1_receipt_00000_1": 1.0, "114_Bbk_receipt_00000_1": 0.6666666666666666, "115_Bengil_receipt_00000_1": 0.16666666666666666, "116_Nasi_receipt_00000_1": 0.25, "117_125,000_receipt_00000_1": 0.0, "118_x_receipt_00000_1": 1.0, "119_1_receipt_00000_1": 1.0, "120_Nasi_receipt_00000_1": 0.25, "121_Campur_receipt_00000_1": 0.16666666666666666, "122_Bali_receipt_00000_1": 0.25, "123_75,000_receipt_00000_1": 0.0, "0_TOTAL_receipt_00473_1": 0.0, "1_BAYAR._receipt_00473_1": 0.16666666666666666, "2_31,900_receipt_00473_1": 0.0, "3_(10%)_receipt_00473_1": 0.0, "4_PB1_receipt_00473_1": 0.0, "5_2,900_receipt_00473_1": 0.0, "6_NETTO._receipt_00473_1": 0.0, "7_29,000_receipt_00473_1": 0.0, "8_1_receipt_00473_1": 1.0, "9_29,000_receipt_00473_1": 0.16666666666666666, "10_x_receipt_00473_1": 3.0, "11_29000_receipt_00473_1": 0.0, "12_271004_receipt_00473_1": 0.3333333333333333, "13_DORI_receipt_00473_1": 0.75, "14_SAMBAL_receipt_00473_1": 0.16666666666666666, "15_MATAH_receipt_00473_1": 0.0, "16_1+1_receipt_00473_1": 0.3333333333333333, "0_:_146_0": 2.0, "1_Tel_146_0": 0.0, "2_17000_146_0": 0.0, "3_LA_146_0": 0.5, "4_ROCHELLE_146_0": 0.0, "5_33_146_0": 0.0, "6_RUE_146_0": 0.0, "7_DE_146_0": 0.0, "8_LA_146_0": 0.0, "9_SCIERIE_146_0": 0.0, "10_CRF-CITY_146_0": 0.0, "11_LA_146_0": 0.0, "12_ROCHELLE_146_0": 0.0, "0_NONTANT_253_0": 0.14285714285714285, "1_QTE_253_0": 0.3333333333333333, "2_DESCRIPTION_253_0": 0.0, "3_Aytre._253_0": 0.0, "4_Nicolas_253_0": 0.0, "5_Gargot_253_0": 0.0, "6_Rue_253_0": 0.0, "7_17440_253_0": 0.0, "8_12h30_253_0": 0.0, "9_Dimanche_253_0": 0.0, "10_9h_253_0": 0.5, "11_a_253_0": 0.0, "12_20h00_253_0": 0.0, "13_au_253_0": 0.0, "14_Samedi_253_0": 0.0, "15_9h_253_0": 0.0, "16_a_253_0": 0.0, "17_Lundi_253_0": 0.2, "18_de_253_0": 0.0, "19_Tel_253_0": 0.0, "20_0546457320_253_0": 0.0, "21_Carrefour_253_0": 0.0, "22_AYTRE_253_0": 0.0, "23_market_253_0": 0.0, "0_ _receipt_00564_0": 2.0, "0_ _receipt_00727_0": 2.0, "0_A_552_2": 0.0, "1_BIENTOT_552_2": 0.0, "2_MERCI_552_2": 0.0, "3_DE_552_2": 0.0, "4_VOTRE_552_2": 0.0, "5_VISITE_552_2": 0.0, "6_000030_552_2": 0.0, "7_13/01/2017_552_2": 0.0, "8_0005_552_2": 0.0, "9_003_552_2": 0.3333333333333333, "10_11:32:06_552_2": 0.0, "0_Tel_340_0": 0.0, "1_17000_340_0": 0.0, "2_LA_340_0": 0.0, "3_ROCHELLE_340_0": 0.0, "4_33_340_0": 0.0, "5_RUE_340_0": 0.0, "6_DE_340_0": 0.0, "7_LA_340_0": 0.0, "8_SCIERIE_340_0": 0.0, "9_CRF-CITY_340_0": 0.0, "10_ROCHELLE_340_0": 0.0, "11_LA_340_0": 0.5, "0_1X_receipt_00779_0": 1.0, "1_@8182_receipt_00779_0": 0.2, "0_ _receipt_00722_0": 4.0, "0_ _receipt_00736_0": 3.0, "0_N_788_1": 3.0, "1_carte:_788_1": 0.0, "2_.8506_788_1": 0.0, "3_..CB_788_1": 1.0, "4_E_788_1": 0.0, "5_VERS0_788_1": 0.2, "6_AU_788_1": 1.0, "7_RECU_788_1": 0.0, "8_VALANT_788_1": 0.0, "9_FACTURE_788_1": 0.0, "10_.5,20_788_1": 1.0, "11_PRIX_788_1": 0.0, "12_TTC._788_1": 1.0, "13_euros_788_1": 0.0, "14_20,00%._788_1": 1.0, "15_.0,87_788_1": 0.8, "16_TVA_788_1": 0.0, "17_euros_788_1": 0.0, "18_.4,33_788_1": 1.0, "19_HT....._788_1": 0.8571428571428571, "20_PRIX_788_1": 0.0, "21_euros_788_1": 0.0, "0_QTE_111_0": 0.0, "1_MONTANT_111_0": 0.14285714285714285, "2_DESCRIPTION_111_0": 0.0, "3_:_111_0": 1.0, "4_Tel_111_0": 0.0, "5_17000_111_0": 0.0, "6_ROCHELLE_111_0": 0.0, "7_LA_111_0": 0.0, "8_33_111_0": 0.0, "9_RUE_111_0": 0.0, "10_DE_111_0": 0.0, "11_LA_111_0": 0.0, "12_SCIERIE_111_0": 0.14285714285714285, "13_CRF-CITY_111_0": 0.0, "14_LA_111_0": 0.0, "15_ROCHELLE_111_0": 0.0, "0_QTE_489_0": 1.0, "1_MONTANT_489_0": 0.2857142857142857, "2_DESCRIPTION_489_0": 0.0, "3_Aytre._489_0": 0.16666666666666666, "4_Gargot_489_0": 0.0, "5_Nicolas_489_0": 0.0, "6_17440_489_0": 0.0, "7_Rue_489_0": 0.0, "8_9h_489_0": 0.5, "9_a_489_0": 0.0, "10_12h30_489_0": 0.0, "11_Dimanche_489_0": 0.0, "12_Samedi_489_0": 0.0, "13_de_489_0": 0.0, "14_9h_489_0": 0.5, "15_a_489_0": 0.0, "16_20h00_489_0": 0.0, "17_Lundi_489_0": 0.2, "18_au_489_0": 0.0, "19_:_489_0": 1.0, "20_0546457320_489_0": 0.0, "21_Tel_489_0": 0.0, "22_Carrefour_489_0": 0.0, "23_market_489_0": 0.0, "24_AYTRE_489_0": 0.0, "0_4.50\u20ac_466_2": 0.4, "1_GRIL&SALE_466_2": 0.1111111111111111, "2_PISTACHE_466_2": 0.0, "3_1.60\u20ac_466_2": 0.4, "4_VERT_466_2": 0.0, "5_190G_466_2": 0.25, "6_PESTO_466_2": 0.0, "7_1.90\u20ac_466_2": 0.4, "8_BIO_466_2": 0.0, "9_*PAVE_466_2": 0.2, "10_400G_466_2": 0.25, "11_0.75\u20ac_466_2": 0.4, "12_CARREFOUR_466_2": 0.0, "13_MIE_466_2": 0.3333333333333333, "14_*PAIN_466_2": 0.4, "15_5.29\u20ac_466_2": 0.4, "16_VICO_466_2": 0.75, "17_NOIX_466_2": 0.0, "18_DE_466_2": 0.0, "19_CAJOU_466_2": 0.8, "20_0.79\u20ac_466_2": 0.6, "21_*HOZZARELLA_466_2": 0.0, "22_CRF_466_2": 0.0, "23_0.88\u20ac_466_2": 0.4, "24_BELIN_466_2": 0.2, "25_MINIZZA_466_2": 0.14285714285714285, "26_2.78\u20ac_466_2": 0.4, "27_SAUCIS.NAT.MA_466_2": 0.46153846153846156, "28_*HINI_466_2": 0.4, "29_1.99\u20ac_466_2": 0.4, "30_CHARENTAIS_466_2": 0.1, "31_*HELON_466_2": 0.0, "32_7.50\u20ac_466_2": 0.4, "33_BLONDE_466_2": 0.0, "34_LEFFE_466_2": 0.0, "35_5.16\u20ac_466_2": 0.4, "36_ECREME_466_2": 0.16666666666666666, "37_X6_466_2": 0.0, "38_CRF_466_2": 0.0, "39_*LAIT_466_2": 0.4, "40_2.23\u20ac_466_2": 0.4, "41_12_466_2": 0.0, "42_*KIRI_466_2": 0.2, "43_CREME_466_2": 0.2, "44_X_466_2": 1.0, "45_KINDER_466_2": 0.0, "46_SCHOKOBONS_466_2": 0.0, "47_3.29\u20ac_466_2": 0.4, "48_2.25\u20ac_466_2": 0.4, "49_SALAKIS_466_2": 0.0, "50_200_466_2": 0.0, "51_*FRBREB_466_2": 0.2857142857142857, "52_1.37\u20ac_466_2": 0.4, "53_FLUTES_466_2": 0.0, "54_FEUIL.TOMAT_466_2": 0.18181818181818182, "0_ _receipt_00425_0": 3.0, "0_1,33_713_1": 0.0, "1_2,50_713_1": 0.0, "2_0,530_713_1": 0.2, "3_CAROTTE_713_1": 0.0, "4_0,520_713_1": 0.2, "5_4,30_713_1": 0.0, "6_2,_713_1": 0.5, "7_24_713_1": 0.5, "8_PATATE_713_1": 0.0, "9_DOUCE_713_1": 0.0, "10_0,930_713_1": 0.2, "11_3,_713_1": 0.5, "12_3,_713_1": 1.0, "13_90_713_1": 0.5, "14_63_713_1": 0.0, "15_POMMES_713_1": 0.0, "16_1,455_713_1": 0.0, "17_2,_713_1": 0.5, "18_3,_713_1": 0.5, "19_20_713_1": 0.0, "20_20_713_1": 0.0, "21_POMME_713_1": 0.0, "22_DE_713_1": 0.0, "23_TERRE_713_1": 0.0, "24_0,730_713_1": 0.0, "25_4,90_713_1": 0.0, "26_3,_713_1": 0.5, "27_58_713_1": 0.0, "28_0,880_713_1": 0.0, "29_4,50_713_1": 0.0, "30_3,_713_1": 0.5, "31_96_713_1": 0.5, "32_Di_713_1": 0.0, "33_vers_713_1": 0.0, "0_:_156_0": 1.0, "1_Tel_156_0": 0.0, "2_ROCHELLE_156_0": 0.0, "3_17000_156_0": 0.0, "4_LA_156_0": 0.0, "5_RUE_156_0": 0.0, "6_SCIERIE_156_0": 0.0, "7_DE_156_0": 0.0, "8_LA_156_0": 0.0, "9_33_156_0": 0.0, "10_ROCHELLE_156_0": 0.0, "11_CRF-CITY_156_0": 0.0, "12_LA_156_0": 0.0, "0_CHANGED_receipt_00637_1": 0.0, "1_10.000_receipt_00637_1": 0.0, "2_CASH_receipt_00637_1": 0.0, "3_50.000_receipt_00637_1": 0.0, "4_TOTAL_receipt_00637_1": 0.0, "5_40.000_receipt_00637_1": 0.3333333333333333, "6_Popcorn_receipt_00637_1": 0.0, "7_1_receipt_00637_1": 0.0, "8_Salt_receipt_00637_1": 0.25, "9_(M)_receipt_00637_1": 1.0, "10_40.000_receipt_00637_1": 0.0, "0_48.000_receipt_00510_1": 0.16666666666666666, "1_Debet_receipt_00510_1": 0.8, "2_Card_receipt_00510_1": 0.25, "3_48.000_receipt_00510_1": 0.0, "4_Total._receipt_00510_1": 0.5, "5_3_receipt_00510_1": 1.0, "6_Total_receipt_00510_1": 0.2, "7_Item:_receipt_00510_1": 0.8, "8_0_receipt_00510_1": 2.0, "9_x1_receipt_00510_1": 1.0, "10_0_receipt_00510_1": 1.0, "11_Bag_receipt_00510_1": 0.0, "12_Small_receipt_00510_1": 0.2, "13_6001-Plastic_receipt_00510_1": 0.08333333333333333, "14_26.000_receipt_00510_1": 0.16666666666666666, "15_26.000_receipt_00510_1": 0.3333333333333333, "16_x1_receipt_00510_1": 1.0, "17_Choco_receipt_00510_1": 0.4, "18_Creamcheese_receipt_00510_1": 0.36363636363636365, "19_1028-Dark_receipt_00510_1": 0.1111111111111111, "20_22.000_receipt_00510_1": 0.0, "21_22.000_receipt_00510_1": 0.16666666666666666, "22_x1_receipt_00510_1": 1.5, "0_:_X51005444045_0": 0.0, "1_000181747712_X51005444045_0": 0.0, "2_ID._X51005444045_0": 0.0, "3_NO_X51005444045_0": 0.0, "4_GST_X51005444045_0": 0.3333333333333333, "5_HARTAMAS_X51005444045_0": 0.0, "6_SRI_X51005444045_0": 0.6666666666666666, "7_1245-DESA_X51005444045_0": 0.0, "8_KLANG,_X51005444045_0": 0.0, "9_SELANGOR_X51005444045_0": 0.0, "10_41150_X51005444045_0": 0.0, "11_BERKELEY_X51005444045_0": 0.0, "12_TAMAN_X51005444045_0": 0.2, "13_ANGSA,_X51005444045_0": 0.0, "14_2811,_X51005444045_0": 0.0, "15_JALAN_X51005444045_0": 0.0, "16_P.T._X51005444045_0": 0.0, "17_LOT_X51005444045_0": 0.6666666666666666, "18_(519537-X)_X51005444045_0": 0.2, "19_S/B_X51005444045_0": 0.6666666666666666, "20_MART_X51005444045_0": 0.0, "21_SPEED_X51005444045_0": 0.0, "22_99_X51005444045_0": 0.5, "0_VOTRE_721_6": 0.0, "1_DE_721_6": 0.0, "2_MAGASIN_721_6": 0.2857142857142857, "3_CARTE_721_6": 0.0, "4_AVEC_721_6": 0.0, "5_LA_721_6": 0.0, "6_ET_721_6": 0.0, "7_TOUJOURS_721_6": 0.0, "8_PLUS_721_6": 0.0, "9_DE_721_6": 0.0, "10_VOTRE_721_6": 0.0, "11_VISITE_721_6": 0.0, "0_BIENTOT_355_2": 0.0, "1_MERCI_355_2": 0.0, "2_DE_355_2": 0.0, "3_VOTRE_355_2": 0.0, "4_VISITE_355_2": 0.0, "5_19/06/2017_355_2": 0.1, "6_0001_355_2": 0.0, "7_004_355_2": 0.0, "8_000007_355_2": 1.0, "9_07:51:44_355_2": 0.0, "10_produits_355_2": 0.0, "11_5%_355_2": 0.0, "12_Carrefou_355_2": 0.0, "13_0.20\u20ac_355_2": 0.4, "14_Details:_355_2": 0.0, "15_compte_355_2": 0.0, "16_votre_355_2": 0.0, "17_Carrefour._355_2": 0.0, "18_fidelite_355_2": 0.0, "0_DESCRIPTION_458_0": 0.0, "1_QTE_458_0": 1.0, "2_MONTANT_458_0": 0.2857142857142857, "3_Tel_458_0": 0.0, "4_17000_458_0": 0.0, "5_LA_458_0": 0.0, "6_ROCHELLE_458_0": 0.0, "7_33_458_0": 0.0, "8_RUE_458_0": 0.0, "9_DE_458_0": 0.0, "10_LA_458_0": 0.0, "11_SCIERIE_458_0": 0.0, "12_CRF-CITY_458_0": 0.125, "13_LA_458_0": 0.0, "14_ROCHELLE_458_0": 0.0, "0_ _receipt_00038_0": 2.0, "0_et_189_2": 0.0, "1_a_189_2": 0.0, "2_bientot_189_2": 0.14285714285714285, "0_bientot_607_1": 0.14285714285714285, "1_WWW.CROCBOOK._607_1": 0.23076923076923078, "2_FR_607_1": 0.0, "3_Retrouvez_607_1": 0.0, "4_nous_607_1": 0.0, "5_:_607_1": 1.0, "6_RCS_607_1": 0.0, "7_La_607_1": 0.0, "8_Rochelle_607_1": 0.0, "9_449_607_1": 0.3333333333333333, "10_118_607_1": 0.0, "11_561_607_1": 0.0, "12_CARTE_607_1": 0.0, "13_BLEUE_607_1": 0.0, "14_17.00_607_1": 0.0, "15_DONT_607_1": 0.0, "16_TVA_607_1": 0.6666666666666666, "17_5._607_1": 0.0, "18_0.89_607_1": 0.0, "19_5%_607_1": 0.0, "20_HT_607_1": 0.0, "21_TVA_607_1": 0.6666666666666666, "22_5%_607_1": 0.0, "23_16._607_1": 0.0, "24_11_607_1": 1.0, "25_17,00_607_1": 0.2, "26_TOTAL_607_1": 0.0, "27_*_607_1": 2.0, "28_*_607_1": 0.0, "29_LOISIR_607_1": 0.16666666666666666, "30_4.00_607_1": 0.0, "31_4.00_607_1": 0.0, "32_HISTOIRE_607_1": 0.0, "33_5.00_607_1": 0.0, "34_5.00_607_1": 0.0, "35_EDUCATIF_607_1": 0.0, "36_2.00_607_1": 0.0, "37_2.00_607_1": 0.0, "0_28.000_receipt_00524_0": 0.16666666666666666, "1_CASH_receipt_00524_0": 0.25, "2_TONGSENG_receipt_00524_0": 0.0, "3_SAPI_receipt_00524_0": 0.25, "4_1_receipt_00524_0": 0.0, "5_28.000_receipt_00524_0": 0.0, "6_28.000_receipt_00524_0": 0.0, "0_:_383_0": 1.0, "1_Tel_383_0": 0.0, "2_17000_383_0": 0.0, "3_ROCHELLE_383_0": 0.0, "4_33_383_0": 0.0, "5_RUE_383_0": 0.0, "6_DE_383_0": 0.0, "7_LA_383_0": 0.5, "8_SCIERIE_383_0": 0.0, "9_CRF-CITY_383_0": 0.0, "10_LA_383_0": 0.0, "11_ROCHELLE_383_0": 0.0, "0_Article(+)_703_4": 0.0, "1_15_703_4": 0.0, "0_BIENTOT_93_2": 0.0, "1_MERCI_93_2": 0.0, "2_DE_93_2": 0.0, "3_VOTRE_93_2": 0.0, "4_VISITE_93_2": 0.0, "5_0006_93_2": 0.25, "6_002_93_2": 0.0, "7_000136_93_2": 0.0, "8_12/01/2017_93_2": 0.1, "9_12:37:04_93_2": 0.0, "0_28,636_receipt_00540_0": 0.5, "1_Sub_receipt_00540_0": 0.6666666666666666, "2_Total_receipt_00540_0": 0.6, "3_909_receipt_00540_0": 0.0, "4_TA_receipt_00540_0": 1.0, "5_CHARGE_receipt_00540_0": 0.16666666666666666, "6_1_receipt_00540_0": 1.0, "7_27,727_receipt_00540_0": 0.0, "8_HC_receipt_00540_0": 1.0, "9_SB_receipt_00540_0": 1.0, "10_1_receipt_00540_0": 1.0, "11_1_receipt_00540_0": 1.0, "0_ _receipt_00754_0": 2.0, "0_DE_661_5": 0.0, "1_9h00_661_5": 0.75, "2_12h0O_661_5": 0.6, "3_ouvert_661_5": 0.0, "4_tous_661_5": 0.0, "5_les_661_5": 0.0, "6_dimanche_661_5": 0.0, "0_MERCI_275_2": 0.0, "1_DE_275_2": 0.0, "2_VOTRE_275_2": 0.0, "3_VISITE_275_2": 0.0, "0_ _receipt_00409_0": 0.0, "0_Service_X51005230616_3": 0.0, "1_Hotline_X51005230616_3": 0.0, "2_:_X51005230616_3": 0.0, "3_ustomer_X51005230616_3": 0.0, "4_Again._X51005230616_3": 0.0, "5_Please_X51005230616_3": 0.0, "6_Come_X51005230616_3": 0.0, "7_Thank_X51005230616_3": 0.0, "8_You_X51005230616_3": 0.0, "9_and_X51005230616_3": 0.0, "10_experience_X51005230616_3": 0.0, "11_your_X51005230616_3": 0.0, "12_share_X51005230616_3": 0.0, "13_to_X51005230616_3": 0.5, "14_Google_X51005230616_3": 0.0, "15_Play/App_X51005230616_3": 0.0, "16_Store_X51005230616_3": 0.0, "17_My_X51005230616_3": 0.0, "18_Feedback_X51005230616_3": 0.0, "19_Download_X51005230616_3": 0.0, "20_from_X51005230616_3": 0.0, "21_McD_X51005230616_3": 0.0, "22_OR_X51005230616_3": 0.0, "0_QTE_545_0": 1.3333333333333333, "1_MONTANT_545_0": 0.2857142857142857, "2_DESCRIPTION_545_0": 0.0, "3_:_545_0": 1.0, "4_Tel_545_0": 0.0, "5_ORLEANS_545_0": 0.0, "6_45000_545_0": 0.0, "7_1,_545_0": 1.0, "8_GRENIER_545_0": 0.0, "9_SEL_545_0": 0.0, "10_RUE_545_0": 0.0, "11_DU_545_0": 0.5, "12_A_545_0": 0.0, "13_CITY_545_0": 0.0, "14_ORLEANS_545_0": 0.0, "15_CARREFOUR_545_0": 0.0, "0_A_347_2": 0.0, "1_BIENTOT_347_2": 0.0, "0_A_534_2": 0.0, "1_BIENTOT_534_2": 0.0, "2_VOTRE_534_2": 0.0, "3_VISITE_534_2": 0.0, "4_MERCI_534_2": 0.0, "5_DE_534_2": 0.0, "6_000201_534_2": 0.0, "7_04/01/2017_534_2": 0.0, "8_12:36:27_534_2": 0.125, "9_0003_534_2": 0.0, "10_004_534_2": 0.0, "0_6,000_receipt_00025_1": 0.0, "1_CG_receipt_00025_1": 1.0, "2_20,000_receipt_00025_1": 0.16666666666666666, "3_CASH_receipt_00025_1": 0.0, "4_TL_receipt_00025_1": 1.5, "5_14,000_receipt_00025_1": 0.16666666666666666, "6_CRISPY_receipt_00025_1": 0.3333333333333333, "7_CHOCO_receipt_00025_1": 0.0, "0_jeton(s)_484_2": 0.0, "1_offert(s)._484_2": 0.0, "2_GRAND_484_2": 0.0, "3_JEU_484_2": 0.0, "4_ANNIVERSAIRE_484_2": 0.08333333333333333, "5_1.0_484_2": 0.0, "6_A_484_2": 0.0, "7_BIENTOT_484_2": 0.0, "8_Vous_484_2": 0.0, "9_remercie_484_2": 0.0, "10_de_484_2": 0.0, "11_votre_484_2": 0.0, "12_visite_484_2": 0.0, "13_CARREFOUR_484_2": 0.0, "14_MARKET_484_2": 0.0, "15_AYTRE_484_2": 0.0, "0_Bacem_receipt_00478_0": 0.0, "1_Tahu_receipt_00478_0": 0.0, "2_15.910_receipt_00478_0": 0.0, "3_Rp._receipt_00478_0": 0.3333333333333333, "4_3.182_receipt_00478_0": 0.0, "5_5_receipt_00478_0": 0.0, "6_Pincuk_receipt_00478_0": 0.0, "7_Pecel_receipt_00478_0": 0.0, "8_Rp._receipt_00478_0": 0.3333333333333333, "9_12.727_receipt_00478_0": 0.16666666666666666, "10_10_receipt_00478_0": 0.0, "0_0.88\u20ac_472_2": 0.4, "1_P.PRIX_472_2": 0.0, "2_*ST_472_2": 0.3333333333333333, "3_BANANE_472_2": 0.0, "4_3.04\u20ac_472_2": 0.4, "5_SARDINE_472_2": 0.14285714285714285, "6_ATLANTIQUE_472_2": 0.1, "7_2.34_472_2": 0.0, "8_SABLES_472_2": 0.16666666666666666, "9_BEAUFORT_472_2": 0.0, "10_2x_472_2": 1.0, "11_4.68\u20ac_472_2": 0.4, "12_AU_472_2": 0.5, "13_*PRUNE_472_2": 0.16666666666666666, "14_ROUGE_472_2": 0.0, "15_VRAC_472_2": 0.5, "16_0.94\u20ac_472_2": 0.0, "17_1.95\u20ac_472_2": 0.4, "18_*POIREAU_472_2": 0.125, "19_VRAC_472_2": 0.5, "20_1.79\u20ac_472_2": 0.4, "21_*POIRE_472_2": 0.16666666666666666, "22_CONFERENCE_472_2": 0.0, "23_2.93\u20ac_472_2": 0.4, "24_*PETIT_472_2": 0.16666666666666666, "25_POIS_472_2": 0.25, "26_*PDT_472_2": 0.25, "27_CONSERVATION_472_2": 0.0, "28_4.75\u20ac_472_2": 0.0, "29_1.50\u20ac_472_2": 0.4, "30_*PCE_472_2": 0.25, "31_ANANAS_472_2": 0.3333333333333333, "32_CAL_472_2": 0.0, "33_A_472_2": 0.0, "34_-3.13\u20ac_472_2": 0.3333333333333333, "35_REMISE_472_2": 0.16666666666666666, "36_PC_472_2": 0.5, "37_LONGE_472_2": 0.0, "38_S/0_472_2": 1.0, "39_4.25\u20ac_472_2": 0.0, "40_REMISE_472_2": 0.0, "41_-3.13\u20ac_472_2": 0.5, "42_S/O_472_2": 1.0, "43_6.79\u20ac_472_2": 0.4, "44_PC_472_2": 0.5, "45_LONGE_472_2": 0.0, "46_1.07\u20ac_472_2": 0.4, "47_*PATATE_472_2": 0.0, "48_DOUCE_472_2": 0.0, "49_*HANGUE_472_2": 0.2857142857142857, "50_7.18\u20ac_472_2": 0.0, "51_PIECE_472_2": 0.0, "52_2x_472_2": 0.5, "53_3.59_472_2": 0.25, "0_CHANGED_receipt_00329_1": 0.0, "1_20,000_receipt_00329_1": 0.16666666666666666, "2_CASH_receipt_00329_1": 1.0, "3_50.000_receipt_00329_1": 1.0, "4_30.000_receipt_00329_1": 1.0, "5_TOTAL_receipt_00329_1": 1.0, "6_1_receipt_00329_1": 0.0, "7_Popcorn_receipt_00329_1": 0.0, "8_Salt_receipt_00329_1": 0.0, "9_(S)._receipt_00329_1": 0.25, "10_20,000_receipt_00329_1": 0.16666666666666666, "11_1_receipt_00329_1": 0.0, "12_Mineral_receipt_00329_1": 0.0, "13_Water_receipt_00329_1": 0.0, "14_(S)._receipt_00329_1": 0.75, "15_10,000_receipt_00329_1": 0.16666666666666666, "0_1,096,040_receipt_00103_1": 0.1111111111111111, "1_DU_receipt_00103_1": 1.0, "2_Tax_receipt_00103_1": 0.3333333333333333, "3_10%_receipt_00103_1": 1.0, "4_99,640_receipt_00103_1": 0.8333333333333334, "5_SERVICE_receipt_00103_1": 0.14285714285714285, "6_CHARGE_receipt_00103_1": 0.0, "7_56,400_receipt_00103_1": 0.5, "8_SUBTOTAL_receipt_00103_1": 0.375, "9_940,000_receipt_00103_1": 0.0, "10_OTHERS_receipt_00103_1": 0.0, "11_60,000_receipt_00103_1": 0.6666666666666666, "12_BEVERAGES_receipt_00103_1": 0.1111111111111111, "13_83,000_receipt_00103_1": 0.3333333333333333, "14_FOOD_receipt_00103_1": 0.75, "15_797,000_receipt_00103_1": 0.2857142857142857, "16_ICED_receipt_00103_1": 0.75, "17_TEA_receipt_00103_1": 0.3333333333333333, "18_1_receipt_00103_1": 1.0, "19_12,000_receipt_00103_1": 0.3333333333333333, "20_2_receipt_00103_1": 1.0, "21_ICED_receipt_00103_1": 1.0, "22_12,000_receipt_00103_1": 0.8333333333333334, "23_TEA_receipt_00103_1": 0.3333333333333333, "24_24,000_receipt_00103_1": 0.3333333333333333, "25_1_receipt_00103_1": 1.0, "26_AQUA_receipt_00103_1": 0.75, "27_11,000_receipt_00103_1": 0.6666666666666666, "28_TEA_receipt_00103_1": 1.0, "29_HOT_receipt_00103_1": 0.3333333333333333, "30_3_receipt_00103_1": 1.0, "31_12,000_receipt_00103_1": 0.16666666666666666, "32_36,000_receipt_00103_1": 0.3333333333333333, "33_6_receipt_00103_1": 1.0, "34_NASI_receipt_00103_1": 0.25, "35_PUTIH_receipt_00103_1": 0.2, "36_10,000_receipt_00103_1": 0.3333333333333333, "37_60,000_receipt_00103_1": 0.3333333333333333, "38_=*MEDIUM*=_receipt_00103_1": 0.8, "39_1_receipt_00103_1": 1.0, "40_LUMPIA_receipt_00103_1": 0.16666666666666666, "41_UDG_receipt_00103_1": 1.0, "42_PREM_receipt_00103_1": 1.0, "43_144,000_receipt_00103_1": 0.42857142857142855, "44_=*MEDIUM*=_receipt_00103_1": 0.5, "45_1_receipt_00103_1": 1.0, "46_BWG_receipt_00103_1": 0.6666666666666666, "47_POCAI_receipt_00103_1": 0.4, "48_PUTIH_receipt_00103_1": 1.0, "49_90,000_receipt_00103_1": 1.0, "50_=*MEDIUM*=_receipt_00103_1": 0.9, "51_1_receipt_00103_1": 1.0, "52_147,000_receipt_00103_1": 1.0, "53_TH_receipt_00103_1": 0.5, "54_JMR_receipt_00103_1": 0.6666666666666666, "55_AGSIO_receipt_00103_1": 1.0, "56_PC_receipt_00103_1": 1.0, "57_=*MEDIUM*=_receipt_00103_1": 0.7, "58_CUMI_receipt_00103_1": 1.0, "59_1_receipt_00103_1": 1.0, "60_GR_receipt_00103_1": 2.0, "61_TEPUNG_receipt_00103_1": 0.3333333333333333, "62_129,000_receipt_00103_1": 0.2857142857142857, "63_=*MEDIUM*=_receipt_00103_1": 0.7, "64_1_receipt_00103_1": 1.0, "65_CUMI_receipt_00103_1": 1.0, "66_GR_receipt_00103_1": 1.5, "67_JUNJAN_receipt_00103_1": 0.6666666666666666, "68_129,000_receipt_00103_1": 0.14285714285714285, "69_SOP_receipt_00103_1": 1.0, "70_IKAN_receipt_00103_1": 1.0, "0_BIENTOT_310_1": 0.0, "1_A_310_1": 0.0, "2_MERCI_310_1": 0.0, "3_DE_310_1": 0.0, "4_VOTRE_310_1": 0.0, "5_VISITE_310_1": 0.0, "6_000116_310_1": 0.0, "7_12:08:53_310_1": 0.0, "8_27/06/2017_310_1": 0.1, "9_0004_310_1": 0.0, "10_004_310_1": 0.0, "11_CB_310_1": 0.5, "12_SANS_310_1": 0.0, "13_CONTACT_310_1": 0.0, "14_EUR_310_1": 0.0, "15_7.24\u20ac_310_1": 0.4, "16_EMV_310_1": 0.0, "17_7.24\u20ac_310_1": 0.4, "18_2_310_1": 0.0, "19_ARTICLE_310_1": 0.0, "20_(S)_310_1": 0.6666666666666666, "21_TOTAL_310_1": 0.0, "22_A_310_1": 0.0, "23_PAYER_310_1": 0.0, "24_1.74\u20ac_310_1": 0.4, "25_*SDU_310_1": 0.75, "26_TRI_310_1": 0.0, "27_JBN_310_1": 0.3333333333333333, "28_CHEDDA_310_1": 0.0, "29_*BUDDHA_310_1": 0.0, "30_BOL_310_1": 0.0, "31_PATATE_310_1": 0.0, "32_5.50\u20ac_310_1": 0.4, "0_A_21_1": 0.0, "1_BIENTOT_21_1": 0.0, "2_MERCI_21_1": 0.0, "3_DE_21_1": 0.0, "4_VOTRE_21_1": 0.0, "5_VISITE_21_1": 0.0, "6_28/02/2017_21_1": 0.0, "7_0010_21_1": 0.0, "8_004_21_1": 0.0, "9_000076_21_1": 0.0, "10_11:54:14_21_1": 0.125, "11_CB_21_1": 0.0, "12_EMV_21_1": 0.0, "13_SANS_21_1": 0.0, "14_CONTACT_21_1": 0.0, "15_EUR_21_1": 0.0, "16_5.73\u20ac_21_1": 0.4, "17_(S)_21_1": 0.6666666666666666, "18_2_21_1": 0.0, "19_ARTICLE_21_1": 0.0, "20_TOTAL_21_1": 0.0, "21_A_21_1": 1.0, "22_PAYER_21_1": 0.0, "23_5.73\u20ac_21_1": 0.4, "24_*SUNDY_21_1": 0.0, "25_QUINTO_21_1": 0.16666666666666666, "26_180G_21_1": 0.25, "27_2.74\u20ac_21_1": 0.4, "28_BOLOGN,_21_1": 0.0, "29_*PENNE_21_1": 0.16666666666666666, "30_LA_21_1": 0.0, "31_2.99\u20ac_21_1": 0.4, "32_A_21_1": 1.0, "0_0004_284_1": 0.0, "1_000202_284_1": 0.0, "2_10/07/2017_284_1": 0.2, "3_12:45:51_284_1": 0.0, "4_004_284_1": 0.3333333333333333, "5_CB_284_1": 0.0, "6_EMV_284_1": 0.0, "7_SANS_284_1": 0.0, "8_CONTACT_284_1": 0.0, "9_EUR_284_1": 0.0, "10_8.20\u20ac_284_1": 0.4, "11_(S)_284_1": 0.6666666666666666, "12_ARTICLE_284_1": 0.0, "13_TOTAL_284_1": 0.0, "14_PAYER_284_1": 0.0, "15_5_284_1": 0.0, "16_A_284_1": 0.0, "17_8.20\u20ac_284_1": 0.6, "18_0.365kg_284_1": 0.14285714285714285, "19_3.90\u20ac/kg_284_1": 0.25, "20_x_284_1": 0.0, "21_*NECTARINE_284_1": 0.0, "22_CHAIR_284_1": 0.0, "23_BL_284_1": 0.0, "24_A_284_1": 1.0, "25_1.42\u20ac_284_1": 0.4, "26_RAPE_284_1": 0.0, "27_BIO_284_1": 0.0, "28_1.60\u20ac_284_1": 0.4, "29_*CAROTTE_284_1": 0.0, "30_0.170kg_284_1": 0.0, "31_1.95\u20ac/kg_284_1": 0.375, "32_x_284_1": 0.0, "33_*BANANE_284_1": 0.0, "34_0.33\u20ac_284_1": 0.4, "35_*320G_284_1": 0.4, "36_SLD.HANHATTAN_284_1": 0.07692307692307693, "37_3.74\u20ac_284_1": 0.4, "38_*20_284_1": 0.3333333333333333, "39_FOURCHET_284_1": 0.0, "40_1.116_284_1": 0.6, "0_1_receipt_00243_0": 1.0, "1_45,000_receipt_00243_0": 0.0, "2_GYERAN_receipt_00243_0": 0.0, "3_CIM_receipt_00243_0": 0.3333333333333333, "4_HWANGTAE_receipt_00243_0": 0.0, "5_130,000_receipt_00243_0": 0.14285714285714285, "6_1_receipt_00243_0": 1.0, "7_EL_receipt_00243_0": 0.5, "8_KEUN_receipt_00243_0": 0.0, "9_JEONGSIK_receipt_00243_0": 0.0, "10_150,000_receipt_00243_0": 0.0, "11_1_receipt_00243_0": 2.0, "12_BULGOGI_receipt_00243_0": 0.0, "0_BIENTOT_179_2": 0.0, "1_A_179_2": 0.0, "2_VOTRE_179_2": 0.0, "3_MERCI_179_2": 0.0, "4_DE_179_2": 0.0, "5_VISITE_179_2": 0.0, "6_13:04:25_179_2": 0.0, "7_0001_179_2": 0.0, "8_005_179_2": 0.0, "9_000247_179_2": 0.0, "10_27/01/2017_179_2": 0.1, "0_x_receipt_00392_0": 1.0, "1_3_receipt_00392_0": 2.0, "2_10.000_receipt_00392_0": 0.0, "3_30.000_receipt_00392_0": 0.0, "4_ROTI_receipt_00392_0": 0.0, "5_\"0\"_receipt_00392_0": 1.0, "0_:_558_1": 1.0, "1_Carte_558_1": 0.0, "2_CARTE_558_1": 0.0, "3_BANCAIRE_558_1": 0.0, "4_EMV_558_1": 0.3333333333333333, "5_EUR_558_1": 0.0, "6_6.5_558_1": 0.0, "7_\u20ac_558_1": 0.0, "8_2_558_1": 0.0, "9_ARTICLE_558_1": 0.0, "10_(S)_558_1": 0.6666666666666666, "11_TOTAL_558_1": 0.8, "12_A_558_1": 0.0, "13_PAYER_558_1": 0.0, "14_6.5_558_1": 0.3333333333333333, "15_\u20ac_558_1": 0.0, "16_VANIL.PECAN_558_1": 0.09090909090909091, "17_*900ML_558_1": 0.6666666666666666, "18_4.2_558_1": 0.3333333333333333, "19_\u20ac_558_1": 0.0, "20_*1L_558_1": 1.0, "21_GLACE_558_1": 0.2, "22_CHOCOLAT_558_1": 0.0, "23_2.3_558_1": 0.3333333333333333, "24_\u20ac_558_1": 0.0, "25_DESCRIPTION_558_1": 0.0, "26_QTE_558_1": 1.0, "27_MONTANT_558_1": 0.0, "0_MERCI_741_1": 0.2, "1_DE_741_1": 0.0, "2_VOTRE_741_1": 0.0, "3_VISITE_741_1": 0.0, "4_TVA_741_1": 0.0, "5_HT_741_1": 0.5, "6_A_741_1": 0.0, "7_10%_741_1": 0.0, "8_25.55_741_1": 0.4, "9_2.55_741_1": 0.5, "10_TVA_741_1": 1.0, "11_10%_741_1": 0.0, "12_9.10_741_1": 1.0, "13_9.10_741_1": 0.25, "14_VEGETARIENNE_741_1": 0.08333333333333333, "15_9.10_741_1": 0.0, "16_9.10_741_1": 0.0, "17_9.10_741_1": 0.0, "18_9.10_741_1": 0.25, "19_Designation_741_1": 0.0, "20_Qte_741_1": 0.3333333333333333, "21_TOTAL_741_1": 0.0, "22_P.U_741_1": 0.3333333333333333, "0_1_receipt_00179_0": 1.0, "1_CT12.BLK_receipt_00179_0": 0.0, "2_JELY_receipt_00179_0": 0.0, "3_KPI_receipt_00179_0": 0.3333333333333333, "4_IC_receipt_00179_0": 1.0, "5_29,800_receipt_00179_0": 0.0, "6_1_receipt_00179_0": 1.0, "7_DE13.PSANG_receipt_00179_0": 0.1, "8_IJO_receipt_00179_0": 1.0, "9_MDM_receipt_00179_0": 1.0, "10_29,800_receipt_00179_0": 0.0, "11_1_receipt_00179_0": 2.0, "12_109.NG_receipt_00179_0": 0.3333333333333333, "13_NANAS_receipt_00179_0": 0.0, "14_49,800_receipt_00179_0": 0.0, "0_A_141_1": 0.0, "1_BIENTOT_141_1": 0.0, "2_DE_141_1": 0.0, "3_VOTRE_141_1": 0.0, "4_VISITE_141_1": 0.0, "5_MERCI_141_1": 0.2, "6_000368_141_1": 0.0, "7_26/03/2016_141_1": 0.0, "8_18:37:32_141_1": 0.0, "9_004_141_1": 0.0, "10_0010_141_1": 0.0, "11_5.32\u20ac_141_1": 0.4, "12_BANCAIRE_141_1": 0.0, "13_EUR_141_1": 0.0, "14_EMV_141_1": 0.3333333333333333, "15_CARTE_141_1": 0.0, "16_5.32\u20ac_141_1": 0.4, "17_(S)_141_1": 1.0, "18_TOTAL_141_1": 0.2, "19_A_141_1": 0.0, "20_PAYER_141_1": 0.0, "21_ARTICLE_141_1": 0.0, "22_2_141_1": 0.0, "23_1.09\u20ac_141_1": 0.4, "24_EMMENTAL_141_1": 0.25, "25_SDW._141_1": 0.5, "26_JBON_141_1": 0.0, "27_4.23\u20ac_141_1": 0.4, "28_VENEZIA_141_1": 0.2857142857142857, "29_SALADE_141_1": 0.0, "0_ _receipt_00748_0": 2.0, "0_Receipt_X51005361883_0": 0.0, "1_No.:_X51005361883_0": 0.25, "2_:_X51005361883_0": 1.0, "3_18/01/2018_X51005361883_0": 0.0, "4_CS1801/26874_X51005361883_0": 0.08333333333333333, "5_Date_X51005361883_0": 0.25, "6_CASH_X51005361883_0": 0.0, "7_TAX_X51005361883_0": 1.3333333333333333, "8_INVOICE_X51005361883_0": 0.42857142857142855, "9_000689913856_X51005361883_0": 0.08333333333333333, "10_GST_X51005361883_0": 0.0, "11_No._X51005361883_0": 0.0, "12_9872_X51005361883_0": 0.0, "13_FAX_X51005361883_0": 0.6666666666666666, "14_03-3271_X51005361883_0": 0.0, "15_TEL_X51005361883_0": 0.0, "16_03-3271_X51005361883_0": 0.2857142857142857, "17_948_X51005361883_0": 1.0, "18_SELANGOR_X51005361883_0": 0.125, "19_DARUL_X51005361883_0": 0.0, "20_EHSAN_X51005361883_0": 0.0, "21_BESAR,_X51005361883_0": 0.8333333333333334, "22_53,_X51005361883_0": 0.6666666666666666, "23_BERJUNTA_X51005361883_0": 0.25, "24_45600_X51005361883_0": 0.0, "25_NO._X51005361883_0": 0.3333333333333333, "26_JALAN_X51005361883_0": 0.0, "27_BATANG_X51005361883_0": 0.16666666666666666, "28_(001451637-M)_X51005361883_0": 0.3076923076923077, "29_HENG_X51005361883_0": 0.0, "30_TED_X51005361883_0": 0.0, "0_ _receipt_00289_0": 3.0, "0_20/06/2017_340_1": 0.0, "1_18:41:40_340_1": 0.0, "2_0009_340_1": 0.0, "3_002_340_1": 0.0, "4_000212_340_1": 0.0, "5_11.18\u20ac_340_1": 0.3333333333333333, "6_BANCAIRE_340_1": 0.0, "7_EUR_340_1": 0.0, "8_CARTE_340_1": 0.0, "9_EMV_340_1": 0.0, "10_(S)_340_1": 0.6666666666666666, "11_11.18\u20ac_340_1": 0.3333333333333333, "12_5_340_1": 0.0, "13_ARTICLE_340_1": 0.0, "14_TOTAL_340_1": 0.0, "15_A_340_1": 0.0, "16_PAYER_340_1": 0.0, "17_BQ_340_1": 0.5, "18_2.20\u20ac_340_1": 0.4, "19_*TOMATE_340_1": 0.14285714285714285, "20_JAUNE_340_1": 0.0, "21_250G_340_1": 0.25, "22_0.395kg_340_1": 0.0, "23_3.50\u20ac/kg_340_1": 0.125, "24_x_340_1": 0.0, "25_1.38\u20ac_340_1": 0.4, "26_*HECTARINE_340_1": 0.3, "27_A_340_1": 0.0, "28_CHAIR_340_1": 0.2, "29_JA_340_1": 1.0, "30_2.60\u20ac_340_1": 0.4, "31_*CHIFFONNADE_340_1": 0.08333333333333333, "32_JB_340_1": 0.0, "33_SEC_340_1": 0.0, "34_LENTILLE_340_1": 0.0, "35_3.04\u20ac_340_1": 0.4, "36_*BOULGOUR_340_1": 0.1111111111111111, "37_1.96\u20ac_340_1": 0.4, "38_*72_340_1": 0.6666666666666666, "39_LING.BB_340_1": 0.0, "40_FRESH_340_1": 0.0, "41_QTE_340_1": 1.0, "42_DESCRIPTION_340_1": 0.0, "43_MONTANT_340_1": 0.42857142857142855, "0_1_receipt_00325_0": 1.0, "1_Hot_receipt_00325_0": 0.6666666666666666, "2_Tea_receipt_00325_0": 0.6666666666666666, "3_25,000_receipt_00325_0": 0.3333333333333333, "4_Gray_receipt_00325_0": 0.5, "5_1_receipt_00325_0": 0.0, "6_Earl_receipt_00325_0": 0.25, "7_Tea_receipt_00325_0": 0.0, "8_35,000_receipt_00325_0": 0.3333333333333333, "9_1_receipt_00325_0": 1.0, "10_Omurice_receipt_00325_0": 0.2857142857142857, "11_Katsu_receipt_00325_0": 0.6, "12_Curry_receipt_00325_0": 0.2, "13_95,000_receipt_00325_0": 0.6666666666666666, "14_1_receipt_00325_0": 0.0, "15_AOP_receipt_00325_0": 1.0, "16_Seafood_receipt_00325_0": 0.2857142857142857, "17_85,000_receipt_00325_0": 0.5, "0_013_467_3": 0.0, "1_0124_467_3": 0.0, "2_03/06/2017_467_3": 0.0, "3_000047_467_3": 0.0, "4_10:46:41_467_3": 0.0, "5_:_467_3": 1.0, "6_Carte_467_3": 0.0, "7_CARTE_467_3": 0.0, "8_BANCAIRE_467_3": 0.0, "9_EMV_467_3": 0.0, "10_EUR_467_3": 0.0, "11_112.46\u20ac_467_3": 0.2857142857142857, "12_PAYER_467_3": 0.0, "13_26_467_3": 0.0, "14_ARTICLE(S)_467_3": 0.0, "15_TOTAL_467_3": 0.8, "16_A_467_3": 0.0, "17_112.46\u20ac_467_3": 0.2857142857142857, "18_-25.00\u20ac_467_3": 0.42857142857142855, "19_AVANTAGES_467_3": 0.2222222222222222, "20_TOTAL_467_3": 0.0, "21_DES_467_3": 0.0, "22_DU_467_3": 1.0, "23_JOUR_467_3": 0.0, "24_TOTAL_467_3": 0.0, "25_REMISES_467_3": 0.14285714285714285, "26_IMMEDIATES_467_3": 0.4, "27_-20.00\u20ac_467_3": 0.42857142857142855, "0_:_527_1": 2.0, "1_Carte_527_1": 0.0, "2_16.23\u20ac_527_1": 0.3333333333333333, "3_SANS_527_1": 0.0, "4_CONTACT_527_1": 0.0, "5_EUR_527_1": 0.0, "6_CB_527_1": 0.5, "7_EMV_527_1": 0.0, "8_ARTICLE_527_1": 0.0, "9_(S)_527_1": 0.6666666666666666, "10_PAYER_527_1": 0.0, "11_16.23\u20ac_527_1": 0.3333333333333333, "12_3_527_1": 0.0, "13_TOTAL_527_1": 0.2, "14_A_527_1": 0.0, "15_14.18\u20ac_527_1": 0.3333333333333333, "16_OSEILLE/RIZ_527_1": 0.0, "17_*SAUMON_527_1": 0.14285714285714285, "18_2.50\u20ac/kg_527_1": 0.125, "19_0.180kg_527_1": 0.0, "20_x_527_1": 0.0, "21_0.45\u20ac_527_1": 0.4, "22_POMME_527_1": 0.4, "23_ROUGE_527_1": 0.0, "24_*F_527_1": 0.5, "25_1.60\u20ac_527_1": 0.4, "26_RAPE_527_1": 0.0, "27_*200G_527_1": 0.4, "28_CAROTTE_527_1": 0.14285714285714285, "29_BI_527_1": 0.0, "30_MONTANT_527_1": 0.14285714285714285, "31_QTE_527_1": 1.0, "32_DESCRIPTION_527_1": 0.0, "0_MERCI_140_1": 0.0, "1_DE_140_1": 0.0, "2_VOTRE_140_1": 0.0, "3_VISITE_140_1": 0.0, "4_0007_140_1": 0.75, "5_003_140_1": 0.0, "6_000085_140_1": 0.0, "7_05/04/2016_140_1": 0.2, "8_12:09:39_140_1": 0.0, "9_CARTE_140_1": 0.0, "10_BANCAIRE_140_1": 0.0, "11_EMV_140_1": 0.0, "12_EUR_140_1": 0.0, "13_15.76\u20ac_140_1": 0.3333333333333333, "14_TOTAL._140_1": 0.16666666666666666, "15_ARTICLE(S)_140_1": 0.2, "16_3_140_1": 0.0, "17_A_140_1": 1.0, "18_PAYER_140_1": 0.0, "19_15.76\u20ac_140_1": 0.3333333333333333, "20_BARQUE_140_1": 0.5, "21_TT.FRAISE_140_1": 0.0, "22_LU_140_1": 1.0, "23_1.08\u20ac_140_1": 0.4, "24_1ABOULE_140_1": 0.2857142857142857, "25_180G_140_1": 0.25, "26_5_140_1": 1.0, "27_LEG_140_1": 0.0, "28_1.44\u20ac_140_1": 0.6, "29_1506_140_1": 0.25, "30_SDW_140_1": 1.0, "31_TR.POLAIR_140_1": 0.1111111111111111, "32_13.24\u20ac_140_1": 0.3333333333333333, "33_DESCRIPTION_140_1": 0.09090909090909091, "34_QTE_140_1": 0.3333333333333333, "35_NONTANT_140_1": 0.2857142857142857, "0_003_376_1": 0.0, "1_22/05/2017_376_1": 0.8, "2_000250_376_1": 0.0, "3_.2:03_376_1": 0.8, "4_Votre_376_1": 0.0, "5_-16.26\u20ac_376_1": 0.2857142857142857, "6_Monnaie_376_1": 0.0, "7_ESPECES_376_1": 0.0, "8_EUR_376_1": 0.0, "9_15.50\u20ac_376_1": 0.0, "10_ATICLE(S)_376_1": 0.2222222222222222, "11_4_376_1": 1.0, "12_TOTAL_376_1": 0.0, "13_A_376_1": 0.0, "14_PAYER_376_1": 0.0, "15_4.32\u20ac_376_1": 0.4, "16_*BRK_376_1": 0.5, "17_1_376_1": 0.0, "18_LAIT_376_1": 0.25, "19_UHT_376_1": 0.6666666666666666, "20_PL_376_1": 0.0, "21_0.82\u20ac_376_1": 0.4, "22_BAGUE_376_1": 0.4, "23_TE_376_1": 0.0, "24_150G_376_1": 0.25, "25_2.48\u20ac_376_1": 0.0, "26_*200GR_376_1": 0.6666666666666666, "27_BISC_376_1": 0.25, "28_NAPPE_376_1": 0.0, "29_CHO_376_1": 0.0, "30_0.92\u20ac_376_1": 0.4, "31_2.51\u20ac_376_1": 0.0, "32_*MINI_376_1": 1.0, "33_CANARD_376_1": 0.0, "34_MIE_376_1": 0.0, "0_ _receipt_00215_0": 5.0, "0_:_761_0": 1.0, "1_TEL_761_0": 0.0, "2_MAGASIN_761_0": 0.14285714285714285, "3_ZAC_761_0": 0.6666666666666666, "4_de_761_0": 0.0, "5_l'Aumonerie_761_0": 0.36363636363636365, "6_BIENVENUE_761_0": 0.3333333333333333, "7_DANS_761_0": 0.0, "8_NOTRE_761_0": 0.0, "9_MAGASIN_761_0": 0.0, "10_NOZ_761_0": 0.0, "11_JEAN_761_0": 0.0, "12_D'ANGELY_761_0": 0.25, "13_ST_761_0": 0.0, "0_A_403_2": 0.0, "1_BIENTOT_403_2": 0.0, "2_VOTRE_403_2": 0.0, "3_VISITE_403_2": 0.0, "4_MERCI_403_2": 0.0, "5_DE_403_2": 0.0, "0_A_280_1": 0.0, "1_BIENTOT_280_1": 0.0, "2_MERCI_280_1": 0.0, "3_DE_280_1": 0.0, "4_VOTRE_280_1": 0.0, "5_VISITE_280_1": 0.0, "6_12/07/2017_280_1": 0.0, "7_0_280_1": 0.0, "8_06_280_1": 0.0, "9_003_280_1": 0.0, "10_000142_280_1": 0.0, "11_11:50:53_280_1": 0.0, "12_CONTACT_280_1": 0.0, "13_6.56\u20ac_280_1": 0.0, "14_CB_280_1": 0.5, "15_EMV_280_1": 0.6666666666666666, "16_SANS_280_1": 0.0, "17_EUR_280_1": 0.0, "18_ALTICLE(S)_280_1": 0.1, "19_3_280_1": 0.0, "20_6.56\u20ac_280_1": 0.4, "21_TOTAL_280_1": 0.8, "22_A_280_1": 0.0, "23_PAYER_280_1": 0.0, "24_JAUNE_280_1": 0.2, "25_BQ_280_1": 0.5, "26_2506_280_1": 0.0, "27_2.95\u20ac_280_1": 0.4, "28_*TOMATI_280_1": 0.42857142857142855, "29_*PIM'S_280_1": 0.3333333333333333, "30_FRAMBOISE_280_1": 0.0, "31_LU_280_1": 0.5, "32_1.31e_280_1": 0.4, "33_*F0ZZA_280_1": 0.8333333333333334, "34_POULET_280_1": 0.0, "35_CHEVR_280_1": 0.2, "36_2.30\u20ac_280_1": 0.4, "0_17690_718_0": 0.0, "1_ANGOULINS_718_0": 0.2222222222222222, "2_Avenue_718_0": 0.0, "3_des_718_0": 0.0, "4_Fourneaux_718_0": 0.0, "5_MARCHE_718_0": 0.0, "6_L'HEURE_718_0": 0.14285714285714285, "7_DU_718_0": 1.0, "8_goit_718_0": 0.5, "9_Pronienea_718_0": 0.8888888888888888, "10_vaus_718_0": 0.75, "11_dans_718_0": 0.5, "12_le_718_0": 1.0, "13_!_718_0": 1.0, "14_l'heure_718_0": 0.2857142857142857, "15_du_718_0": 0.5, "16_marche_718_0": 0.0, "17_06/03/2017_718_0": 0.1, "18_16:45_718_0": 0.2, "19_TK2-022883_718_0": 0.1, "0_4_receipt_00696_1": 1.0, "1_Items,_receipt_00696_1": 0.3333333333333333, "2_Kembali_receipt_00696_1": 0.5714285714285714, "3_7,500_receipt_00696_1": 0.0, "4_Cash_receipt_00696_1": 0.25, "5_60,000_receipt_00696_1": 0.16666666666666666, "6_Total_receipt_00696_1": 0.2, "7_P.Rest_receipt_00696_1": 0.5, "8_10_receipt_00696_1": 1.0, "9_%_receipt_00696_1": 1.0, "10_4.773_receipt_00696_1": 1.0, "0_14.00_769_0": 0.0, "1_HV_769_0": 0.0, "2_SSR_769_0": 0.0, "3_T/_769_0": 0.0, "4_MENU_769_0": 0.0, "5_BURGER_769_0": 0.0, "6_P+D_769_0": 0.3333333333333333, "7_EURO_769_0": 0.25, "8_:_769_0": 1.0, "9_MARSEILLE_769_0": 0.0, "10_391378239_769_0": 0.0, "11_RCS_769_0": 0.0, "12_:_769_0": 0.0, "13_TEL_769_0": 0.0, "14_47310_769_0": 0.0, "15_LA_769_0": 0.0, "16_PLUME_769_0": 0.0, "17_STE-COLOMBE_769_0": 0.0, "18_EN_769_0": 0.0, "19_BRUILHOIS_769_0": 0.0, "20_AUTOROUTE_769_0": 0.0, "21_A62_769_0": 0.3333333333333333, "22_AGEN_769_0": 0.0, "23_PORTE_769_0": 0.0, "24_D'AQUITAINE_769_0": 0.09090909090909091, "25_RELAIS_769_0": 0.16666666666666666, "0_MAKOLI_receipt_00589_0": 0.0, "1_100,000_receipt_00589_0": 0.0, "2_1_receipt_00589_0": 0.0, "3_SUL_receipt_00589_0": 0.6666666666666666, "4_LUNG_receipt_00589_0": 0.0, "5_TANG_receipt_00589_0": 0.0, "6_75,000_receipt_00589_0": 0.0, "7_1_receipt_00589_0": 0.0, "8_194,000_receipt_00589_0": 0.0, "9_2_receipt_00589_0": 0.0, "0_DESCRIPTION_271_0": 0.09090909090909091, "1_QTE_271_0": 1.0, "2_MONTANT_271_0": 0.0, "3_:_271_0": 1.0, "4_Tel_271_0": 0.0, "5_17000_271_0": 0.0, "6_LA_271_0": 0.0, "7_ROCHELLE_271_0": 0.0, "8_33_271_0": 1.0, "9_RUE_271_0": 0.0, "10_DE_271_0": 0.0, "11_LA_271_0": 0.5, "12_SCIERIE_271_0": 0.14285714285714285, "13_CRF-CITY_271_0": 0.0, "14_LA_271_0": 0.0, "15_ROCHELLE_271_0": 0.0, "0_125,000_receipt_00550_1": 0.14285714285714285, "1_VISA_receipt_00550_1": 0.0, "2_125,000_receipt_00550_1": 0.0, "3_TOTAL_receipt_00550_1": 0.0, "4_PL._receipt_00550_1": 0.0, "5_Bag_receipt_00550_1": 0.3333333333333333, "6_6_receipt_00550_1": 0.0, "7_Box_receipt_00550_1": 0.0, "8_1_receipt_00550_1": 0.0, "9_---_receipt_00550_1": 1.0, "10_6_receipt_00550_1": 1.0, "11_Box_receipt_00550_1": 0.0, "12_1_receipt_00550_1": 1.0, "13_of_receipt_00550_1": 0.5, "14_---_receipt_00550_1": 0.6666666666666666, "15_&_receipt_00550_1": 0.0, "16_STRAWBERRIES_receipt_00550_1": 0.0, "17_LIME_receipt_00550_1": 0.0, "18_1_receipt_00550_1": 0.0, "19_---_receipt_00550_1": 1.0, "20_MOCHA_receipt_00550_1": 1.0, "21_1_receipt_00550_1": 1.0, "22_---_receipt_00550_1": 1.0, "23_RED_receipt_00550_1": 0.0, "24_VELVET_receipt_00550_1": 0.0, "25_1_receipt_00550_1": 1.0, "26_---_receipt_00550_1": 1.0, "27_CHOCOLATE_receipt_00550_1": 0.1111111111111111, "28_CHOCOLATE_receipt_00550_1": 0.1111111111111111, "29_1_receipt_00550_1": 1.0, "30_---_receipt_00550_1": 1.0, "31_BANANA_receipt_00550_1": 0.0, "32_CHOCOLATE_receipt_00550_1": 0.1111111111111111, "33_2_receipt_00550_1": 0.0, "34_---_receipt_00550_1": 0.6666666666666666, "35_125,000_receipt_00550_1": 0.0, "36_Six_receipt_00550_1": 0.0, "37_1_receipt_00550_1": 2.0, "0_163,900_receipt_00321_1": 0.2857142857142857, "1_TAX_receipt_00321_1": 0.6666666666666666, "2_149,000_receipt_00321_1": 0.0, "3_SERVICE_receipt_00321_1": 0.0, "4_1,490,000_receipt_00321_1": 0.0, "5_SUBTOTAL_receipt_00321_1": 0.125, "6_55,000_receipt_00321_1": 0.0, "7_Sorbet_receipt_00321_1": 0.0, "8_1_receipt_00321_1": 1.0, "9_150,000_receipt_00321_1": 0.14285714285714285, "10_Seaweed_receipt_00321_1": 0.0, "11_Bowl_receipt_00321_1": 0.0, "12_Salmon_receipt_00321_1": 0.16666666666666666, "13_1_receipt_00321_1": 1.0, "14_170,000_receipt_00321_1": 0.14285714285714285, "15_Salmon_receipt_00321_1": 0.3333333333333333, "16_1_receipt_00321_1": 1.0, "17_Chicken_receipt_00321_1": 0.14285714285714285, "18_Roasted_receipt_00321_1": 0.0, "19_300,000_receipt_00321_1": 0.0, "20_2_receipt_00321_1": 0.0, "21_40,000_receipt_00321_1": 0.16666666666666666, "22_Tea_receipt_00321_1": 0.3333333333333333, "23_Jasmine_receipt_00321_1": 0.14285714285714285, "24_1_receipt_00321_1": 1.0, "25_Rasp_receipt_00321_1": 0.5, "26_90,000_receipt_00321_1": 0.16666666666666666, "27_Tea_receipt_00321_1": 0.3333333333333333, "28_Ice_receipt_00321_1": 0.3333333333333333, "29_2_receipt_00321_1": 1.0, "30_45,000_receipt_00321_1": 0.0, "31_Peach_receipt_00321_1": 0.2, "32_Tea_receipt_00321_1": 0.3333333333333333, "33_Ice_receipt_00321_1": 0.3333333333333333, "34_1_receipt_00321_1": 1.0, "35_Blend_receipt_00321_1": 0.2, "36_40,000_receipt_00321_1": 0.0, "37_House_receipt_00321_1": 0.0, "38_1_receipt_00321_1": 1.0, "39_Orange_receipt_00321_1": 0.0, "40_Squeeze_receipt_00321_1": 0.0, "41_60,000_receipt_00321_1": 0.16666666666666666, "42_F_receipt_00321_1": 1.0, "43_1_receipt_00321_1": 1.0, "44_Creamed_receipt_00321_1": 0.2857142857142857, "45_Spinach_receipt_00321_1": 0.2857142857142857, "46_40,000_receipt_00321_1": 0.0, "47_1_receipt_00321_1": 1.0, "48_Redvelvet_receipt_00321_1": 0.0, "49_65,000_receipt_00321_1": 0.16666666666666666, "50_CK_receipt_00321_1": 1.0, "51_1_receipt_00321_1": 1.0, "52_Chicken_receipt_00321_1": 0.2857142857142857, "53_Steak_receipt_00321_1": 0.2, "54_140,000_receipt_00321_1": 0.0, "55_1_receipt_00321_1": 1.0, "56_Striploin_receipt_00321_1": 0.2222222222222222, "57_Angus_receipt_00321_1": 0.0, "58_295,000_receipt_00321_1": 0.14285714285714285, "59_1_receipt_00321_1": 1.0, "0_:_460_1": 1.0, "1_Carte_460_1": 0.0, "2_CB_460_1": 0.0, "3_EMV_460_1": 0.0, "4_SANS_460_1": 0.0, "5_CONTACT_460_1": 0.0, "6_EUR_460_1": 0.0, "7_3.42\u20ac_460_1": 0.4, "8_(S)_460_1": 0.6666666666666666, "9_2_460_1": 0.0, "10_ARTICLE_460_1": 0.0, "11_TOTAL_460_1": 0.0, "12_A_460_1": 0.0, "13_PAYER_460_1": 0.0, "14_3.42\u20ac_460_1": 0.4, "15_*RAVIOLE_460_1": 0.0, "16_DAUPH.RDF_460_1": 0.1111111111111111, "17_2.74\u20ac_460_1": 0.4, "18_0.350kg_460_1": 0.0, "19_1.95\u20ac/kg_460_1": 0.375, "20_x_460_1": 1.0, "21_*BANANE_460_1": 0.0, "22_0.68\u20ac_460_1": 0.4, "0_ _receipt_00004_0": 2.0, "0_A_71_1": 0.0, "1_BIENTOT_71_1": 0.0, "2_MERCI_71_1": 0.0, "3_DE_71_1": 0.0, "4_VOTRE_71_1": 0.0, "5_VISITE_71_1": 0.0, "6_0004_71_1": 0.25, "7_003_71_1": 0.0, "8_000108_71_1": 0.0, "9_16/12/2016_71_1": 0.1, "10_12:55:11_71_1": 0.375, "11_CB_71_1": 0.5, "12_EMV_71_1": 0.6666666666666666, "13_SANS_71_1": 0.0, "14_CONTACT_71_1": 0.0, "15_EUR_71_1": 0.0, "16_5.73\u20ac_71_1": 0.4, "17_2_71_1": 0.0, "18_ALTICLE_71_1": 0.2857142857142857, "19_(S)_71_1": 0.6666666666666666, "20_TOTAL_71_1": 0.0, "21_A_71_1": 1.0, "22_PAYER_71_1": 0.0, "23_5.73\u20ac_71_1": 0.4, "24_*SALADE_71_1": 0.2857142857142857, "25_PLT_71_1": 0.0, "26_EPICE_71_1": 0.0, "27_4.42\u20ac_71_1": 0.4, "28_*PIH'S_71_1": 0.6666666666666666, "29_FRAMBOISE_71_1": 0.1111111111111111, "30_LU_71_1": 1.0, "31_1.31\u20ac_71_1": 0.4, "0_ _receipt_00143_0": 3.0, "0_ _receipt_00389_0": 3.0, "0_**PESAN**_receipt_00527_0": 1.0, "1_MEDIUM_receipt_00527_0": 0.6666666666666666, "2_1_receipt_00527_0": 1.0, "3_OPEN_receipt_00527_0": 1.0, "4_KITCHEN_receipt_00527_0": 0.5714285714285714, "5_0_receipt_00527_0": 1.0, "6_FREE_receipt_00527_0": 1.0, "7_BAKMI_receipt_00527_0": 0.6, "8_ULTAH_receipt_00527_0": 1.0, "9_=*MEDIUM*=_receipt_00527_0": 0.8, "10_1_receipt_00527_0": 3.0, "11_TAHU_receipt_00527_0": 1.0, "12_LAMPION_receipt_00527_0": 0.8571428571428571, "13_165,000_receipt_00527_0": 0.0, "14_**PESAN**_receipt_00527_0": 1.0, "15_AYAMNYA_receipt_00527_0": 1.0, "16_DI_receipt_00527_0": 1.0, "17_FILLET_receipt_00527_0": 0.16666666666666666, "18_**PESAN**_receipt_00527_0": 1.0, "19_MEDIUM_receipt_00527_0": 0.5, "20_102,000_receipt_00527_0": 0.14285714285714285, "21_OPEN_receipt_00527_0": 1.0, "22_KITCHEN_receipt_00527_0": 0.8571428571428571, "23_1_receipt_00527_0": 1.0, "24_GR_receipt_00527_0": 1.0, "25_SALT&PAPER_receipt_00527_0": 0.1, "26_AYAM_receipt_00527_0": 1.0, "0_QTE_282_0": 1.0, "1_DESCRIPTION_282_0": 0.0, "2_MONTANT_282_0": 0.14285714285714285, "3_:_282_0": 2.0, "4_Tel_282_0": 0.0, "5_17000_282_0": 0.0, "6_LA_282_0": 0.0, "7_ROCHELLE_282_0": 0.0, "8_33_282_0": 0.0, "9_RUE_282_0": 0.0, "10_DE_282_0": 0.0, "11_LA_282_0": 0.0, "12_SCIERIE_282_0": 0.14285714285714285, "13_CRF-CITY_282_0": 0.0, "14_LA_282_0": 0.0, "15_ROCHELLE_282_0": 0.0, "0_MONTANT_337_0": 0.2857142857142857, "1_QTE_337_0": 0.3333333333333333, "2_DESCRIPTION_337_0": 0.0, "3_Tel_337_0": 0.0, "4_17000_337_0": 0.0, "5_SCIERIE_337_0": 0.0, "6_RUE_337_0": 0.0, "7_DE_337_0": 0.0, "8_LA_337_0": 0.0, "9_33_337_0": 0.0, "10_ROCHELLE_337_0": 0.0, "11_CRF-CITY_337_0": 0.0, "12_LA_337_0": 0.0, "0_7,000_receipt_00279_0": 0.0, "1_BNG_receipt_00279_0": 0.0, "2_AYM_receipt_00279_0": 0.0, "3_SOP_receipt_00279_0": 0.0, "0_VISITE_546_2": 0.0, "1_DE_546_2": 0.0, "2_VOTRE_546_2": 0.0, "3_MERCI_546_2": 0.0, "4_08/03/2017_546_2": 0.0, "5_000184_546_2": 0.0, "6_12:35:38_546_2": 0.0, "7_0006_546_2": 0.0, "8_004_546_2": 0.3333333333333333, "0_A_543_2": 1.0, "1_BIENTOT_543_2": 0.0, "2_MERCI_543_2": 0.0, "3_DE_543_2": 0.0, "4_VOTRE_543_2": 0.0, "5_VISITE_543_2": 0.0, "6_0001_543_2": 0.0, "7_005_543_2": 0.0, "8_24/03/2017_543_2": 0.0, "9_000120_543_2": 0.0, "10_12:54:48_543_2": 0.0, "11_Carte_543_2": 0.0, "12_:_543_2": 1.0, "0_Grand_receipt_00080_1": 0.2, "1_Total_receipt_00080_1": 0.0, "2_17.999_receipt_00080_1": 1.0, "3_Pajak_receipt_00080_1": 0.2, "4_Resto_receipt_00080_1": 0.2, "5_1.636_receipt_00080_1": 1.0, "6_Sub_receipt_00080_1": 0.3333333333333333, "7_Total_receipt_00080_1": 0.0, "8_16,363_receipt_00080_1": 1.0, "9_Jumlah_receipt_00080_1": 0.3333333333333333, "10_Item_receipt_00080_1": 0.75, "11_1_receipt_00080_1": 1.0, "12_16,363_receipt_00080_1": 1.0, "13_16.363_receipt_00080_1": 0.16666666666666666, "14_1_receipt_00080_1": 1.0, "15_(L)_receipt_00080_1": 1.0, "16_THAI_receipt_00080_1": 0.25, "17_ICED_receipt_00080_1": 1.25, "18_TEA_receipt_00080_1": 0.6666666666666666, "0_A_642_3": 1.0, "1_bientot_642_3": 0.2857142857142857, "0_28/04/2017_530_1": 0.0, "1_18:04:47_530_1": 0.0, "2_0016_530_1": 0.0, "3_005_530_1": 0.0, "4_000414_530_1": 0.0, "5_7.89\u20ac_530_1": 0.4, "6_BANCAIRE_530_1": 0.0, "7_EUR_530_1": 0.0, "8_EMV_530_1": 0.3333333333333333, "9_CARTE_530_1": 0.0, "10_TOTAL_530_1": 0.0, "11_7.89\u20ac_530_1": 0.4, "12_ARTICLE(S)_530_1": 0.0, "13_A_530_1": 0.0, "14_PAYER_530_1": 0.0, "15_5_530_1": 1.0, "16_CRU_530_1": 0.0, "17_MAXI_530_1": 0.5, "18_POULET_530_1": 0.0, "19_*200G_530_1": 0.4, "20_3.39\u20ac_530_1": 0.4, "21_S/GLUT._530_1": 0.0, "22_*175G_530_1": 0.4, "23_PALET_530_1": 0.0, "24_1.43\u20ac_530_1": 0.4, "25_ECOLIER_530_1": 0.0, "26_CHOC_530_1": 0.0, "27_PT_530_1": 0.5, "28_*150G_530_1": 0.2, "29_1.12\u20ac_530_1": 0.4, "30_CHIPS_530_1": 0.0, "31_EXTRA_530_1": 0.0, "32_CRA_530_1": 0.3333333333333333, "33_*135G_530_1": 0.4, "34_0.21\u20ac_530_1": 0.4, "35_SRCE_530_1": 0.0, "36_CRIS_530_1": 0.0, "37_*1.5L_530_1": 0.4, "38_EAU_530_1": 0.6666666666666666, "0_:_179_1": 1.0, "1_Carte_179_1": 0.0, "2_-3.90\u20ac_179_1": 0.3333333333333333, "3_Votre_179_1": 0.0, "4_Monnaje_179_1": 0.14285714285714285, "5_ESPECES_179_1": 0.0, "6_10.07\u20ac_179_1": 0.3333333333333333, "7_EUR_179_1": 0.0, "8_(S)_179_1": 0.6666666666666666, "9_TOTAL_179_1": 0.0, "10_ARTICLE_179_1": 0.0, "11_A_179_1": 0.0, "12_PAYER_179_1": 0.0, "13_6.17\u20ac_179_1": 0.4, "14_*PARMENTIER_179_1": 0.09090909090909091, "15_DE_179_1": 0.0, "16_CABILL_179_1": 0.0, "17_4.11\u20ac_179_1": 0.4, "18_2.50\u20ac/kg_179_1": 0.375, "19_0.182kg_179_1": 0.0, "20_x_179_1": 0.0, "21_*F_179_1": 1.0, "22_ROYAL_179_1": 0.0, "23_GALA_179_1": 0.25, "24_POMME_179_1": 0.0, "25_0.46\u20ac_179_1": 0.4, "26_*200G_179_1": 0.2, "27_CAROTTE_179_1": 0.0, "28_RAPE_179_1": 0.0, "29_BI_179_1": 0.0, "30_1.60\u20ac_179_1": 0.4, "0_DESCRIPTION_410_0": 0.2727272727272727, "1_QTE_410_0": 1.0, "2_MONTANT_410_0": 0.5714285714285714, "3_Tel_410_0": 0.0, "4_17000_410_0": 0.0, "5_ROCHELLE_410_0": 0.0, "6_LA_410_0": 0.5, "7_33_410_0": 0.0, "8_RUE_410_0": 0.0, "9_DE_410_0": 0.0, "10_LA_410_0": 0.0, "11_SCIERIE_410_0": 0.0, "12_CRF-CITY_410_0": 0.0, "13_LA_410_0": 1.0, "14_ROCHELLE_410_0": 0.0, "0_!_793_0": 1.0, "1_NOUVELLE_793_0": 0.0, "2_GENERATION_793_0": 0.0, "3_INTERMARCHE_793_0": 0.0, "4_VOTRE_793_0": 0.0, "5_BIENVENUE_793_0": 0.0, "6_DANS_793_0": 0.0, "7_TEL_793_0": 0.0, "8_ROCHELLE_793_0": 0.0, "9_17000_793_0": 0.0, "10_LA_793_0": 0.0, "11_SALINES_793_0": 0.0, "12_VILLENEUVE_793_0": 0.0, "13_LES_793_0": 0.0, "14_AV._793_0": 0.0, "15_DU_793_0": 1.0, "16_14_793_0": 0.5, "17_JUILLET_793_0": 0.0, "0_MERCI_362_1": 0.0, "1_DE_362_1": 0.0, "2_VOTRE_362_1": 0.0, "3_VISITE_362_1": 0.0, "4_07/06/2017_362_1": 0.0, "5_0004_362_1": 0.25, "6_004_362_1": 0.0, "7_000065_362_1": 0.0, "8_11:47:37_362_1": 0.125, "9_CONTACT_362_1": 0.0, "10_CB_362_1": 0.5, "11_EMV_362_1": 0.0, "12_SANS_362_1": 0.0, "13_EUR_362_1": 0.0, "14_7.82\u20ac_362_1": 0.4, "15_3_362_1": 0.0, "16_ARTICLE_362_1": 0.0, "17_(S)_362_1": 0.6666666666666666, "18_TOTAL_362_1": 0.8, "19_A_362_1": 0.0, "20_PAYER_362_1": 0.0, "21_7.82\u20ac_362_1": 0.4, "22_POM/PEC/_362_1": 0.125, "23_*DESS.FRTS_362_1": 0.1, "24_1.68\u20ac_362_1": 0.4, "25_QUINOA_362_1": 0.0, "26_x1806_362_1": 0.6, "27_BOULG_362_1": 0.2, "28_2.77\u20ac_362_1": 0.4, "29_*150G_362_1": 0.6, "30_SDU_362_1": 0.3333333333333333, "31_TR.POLAIR_362_1": 0.0, "32_3.37\u20ac_362_1": 0.6, "33_DESCRIPTION_362_1": 0.0, "34_QTE_362_1": 1.0, "35_MONTANT_362_1": 0.2857142857142857, "0_DESCRIPTION_436_0": 0.0, "1_QTE_436_0": 1.3333333333333333, "2_MONTANT_436_0": 0.42857142857142855, "3_Tel_436_0": 0.0, "4_17000_436_0": 0.0, "5_ROCHELLE_436_0": 0.0, "6_LA_436_0": 0.0, "7_33_436_0": 0.5, "8_RUE_436_0": 0.0, "9_SCIERIE_436_0": 0.0, "10_DE_436_0": 0.0, "11_LA_436_0": 0.0, "12_CRF-CITY_436_0": 0.0, "13_LA_436_0": 0.0, "14_ROCHELLE_436_0": 0.0, "0_TTC_683_0": 0.6666666666666666, "1_TVA_683_0": 0.6666666666666666, "2_26/05/170_683_0": 0.2222222222222222, "3_Ticket_683_0": 0.0, "4_OL6J_683_0": 0.5, "5_05600_683_0": 0.0, "6_Caisse_683_0": 0.0, "7_021-0075_683_0": 0.125, "8_26_683_0": 0.0, "9_mai_683_0": 0.3333333333333333, "10_2017_683_0": 0.0, "11_17:54_683_0": 0.0, "12_TEL_683_0": 0.6666666666666666, "13_05_683_0": 0.0, "14_46_683_0": 0.0, "15_34_683_0": 0.0, "16_18_683_0": 0.0, "17_67_683_0": 0.0, "18_cedex_683_0": 0.0, "19_17028_683_0": 0.0, "20_LA_683_0": 0.0, "21_ROCHELLE_683_0": 0.0, "22_124,_683_0": 0.25, "23_Andre_683_0": 0.0, "24_Sautel_683_0": 0.0, "25_bld_683_0": 0.3333333333333333, "0_Change_receipt_00207_1": 0.3333333333333333, "1_Rp. 5.500_receipt_00207_1": 0.7777777777777778, "2_Cash_receipt_00207_1": 0.5, "3_Rp. 50,000_receipt_00207_1": 0.5, "4_Dine_receipt_00207_1": 0.25, "5_In_receipt_00207_1": 1.0, "6_Total_receipt_00207_1": 0.2, "7_44,500_receipt_00207_1": 0.16666666666666666, "8_Round_receipt_00207_1": 0.2, "9_-1_receipt_00207_1": 1.0, "10_PB1_receipt_00207_1": 1.0, "11_(10%)_receipt_00207_1": 0.8, "12_4,046_receipt_00207_1": 1.0, "13_40,455_receipt_00207_1": 0.8333333333333334, "14_Subtotal_receipt_00207_1": 0.125, "15_LARGE_receipt_00207_1": 0.2, "16_ICED_receipt_00207_1": 1.0, "17_LEMON_receipt_00207_1": 0.6, "18_TEA_receipt_00207_1": 1.0, "19_12,273_receipt_00207_1": 1.0, "20_20,000_receipt_00207_1": 0.3333333333333333, "21_Kupon_receipt_00207_1": 0.8, "22_1_receipt_00207_1": 1.0, "23_8,182_receipt_00207_1": 0.6, "24_Kupon_receipt_00207_1": 0.6, "25_9_receipt_00207_1": 1.0, "0_ _receipt_00378_0": 3.0, "0_DESCRIPTION_319_0": 0.18181818181818182, "1_QTE_319_0": 0.3333333333333333, "2_MONTANT_319_0": 0.2857142857142857, "3_:_319_0": 2.0, "4_Tel_319_0": 0.0, "5_17000_319_0": 0.0, "6_LA_319_0": 0.0, "7_ROCHELLE_319_0": 0.0, "8_SCIERIE_319_0": 0.0, "9_RUE_319_0": 0.0, "10_DE_319_0": 0.0, "11_33_319_0": 0.0, "12_LA_319_0": 0.5, "13_CRF-CITY_319_0": 0.0, "14_ROCHELLE_319_0": 0.0, "15_LA_319_0": 0.5, "0_SAUSAGE_receipt_00246_0": 0.0, "1_1_receipt_00246_0": 1.0, "2_BREAD_receipt_00246_0": 0.0, "3_15,000_receipt_00246_0": 0.0, "4_1_receipt_00246_0": 1.0, "5_CHOCOLATE_receipt_00246_0": 0.0, "6_TWIST_receipt_00246_0": 0.0, "7_16,000_receipt_00246_0": 0.0, "8_1_receipt_00246_0": 1.0, "9_CARAMEL_receipt_00246_0": 0.0, "10_PASTRY_receipt_00246_0": 0.0, "11_12,000_receipt_00246_0": 0.0, "0_15_218_1": 0.0, "1_ARTICLE_218_1": 0.0, "2_(S)_218_1": 1.0, "3_TOTAL_218_1": 0.2, "4_A_218_1": 0.0, "5_PAYER_218_1": 0.0, "6_22.85\u20ac_218_1": 0.3333333333333333, "7_TOTAL_218_1": 0.0, "8_ALIMENTAIRE_218_1": 0.18181818181818182, "9_22.85\u20ac_218_1": 0.3333333333333333, "10_*VOLAILLE_218_1": 0.1111111111111111, "11_BOEUF_218_1": 0.0, "12_500_218_1": 0.0, "13_2.55\u20ac_218_1": 0.4, "14_*ST_218_1": 0.3333333333333333, "15_BANANE_218_1": 0.0, "16_P.PRIX_218_1": 0.0, "17_1.01\u20ac_218_1": 0.4, "18_MERLAN_218_1": 0.0, "19_VIDE_218_1": 0.0, "20_3.33\u20ac_218_1": 0.4, "21_KG_218_1": 0.5, "22_POULET_218_1": 0.0, "23_HALAL_218_1": 0.0, "24_BL_218_1": 0.0, "25_5.83\u20ac_218_1": 0.4, "26_*BRK_218_1": 0.25, "27_1L_218_1": 1.0, "28_1/2ECR_218_1": 0.16666666666666666, "29_LAIT_218_1": 0.75, "30_0.67\u20ac_218_1": 0.4, "31_*BAGUETTE_218_1": 0.1111111111111111, "32_250G_218_1": 0.25, "33_0.50\u20ac_218_1": 0.4, "34_500G_218_1": 0.25, "35_GOUTER_218_1": 0.16666666666666666, "36_FOURRE_218_1": 0.0, "37_2x_218_1": 0.5, "38_0.87_218_1": 0.25, "39_1.746_218_1": 0.4, "40_FARFALLE_218_1": 0.0, "41_500G_218_1": 0.25, "42_CRF_218_1": 0.0, "43_0.71\u20ac_218_1": 0.4, "44_250G_218_1": 0.25, "45_CAMEMBERT_218_1": 0.1111111111111111, "46_1.00\u20ac_218_1": 0.4, "47_1L_218_1": 0.5, "48_HUILE_218_1": 0.0, "49_DE_218_1": 0.0, "50_COLZA_218_1": 0.0, "51_1.18\u20ac_218_1": 0.4, "52_*12X1256_218_1": 0.0, "53_YRT_218_1": 0.3333333333333333, "54_RIG_218_1": 0.3333333333333333, "55_PA_218_1": 0.5, "56_2.55\u20ac_218_1": 0.4, "57_*1/5_218_1": 0.75, "58_THON_218_1": 0.0, "59_ENTIER_218_1": 0.0, "60_2x_218_1": 0.5, "61_0.89_218_1": 0.5, "62_1.78\u20ac_218_1": 0.4, "0_J'OPTIMISME_584_4": 0.0, "0_TOTAL:_receipt_00787_2": 0.3333333333333333, "1_246.073_receipt_00787_2": 1.0, "2_SUBTOTAL:_receipt_00787_2": 0.2222222222222222, "3_246,073_receipt_00787_2": 0.42857142857142855, "4_MEGA_receipt_00787_2": 0.25, "5_Discount_receipt_00787_2": 1.0, "6_3,350-_receipt_00787_2": 0.5, "7_SHW_receipt_00787_2": 1.0, "8_GEL_receipt_00787_2": 0.6666666666666666, "9_450_receipt_00787_2": 0.3333333333333333, "10_+PALM_receipt_00787_2": 0.4, "11_33,500_receipt_00787_2": 0.6666666666666666, "12_33,500_receipt_00787_2": 0.6666666666666666, "13_1X_receipt_00787_2": 1.0, "0_Qty_receipt_00152_1": 0.6666666666666666, "1_Total_receipt_00152_1": 0.0, "2_1_receipt_00152_1": 1.0, "3_975,000.00_receipt_00152_1": 0.0, "4_Total_receipt_00152_1": 0.0, "0_QTE_174_0": 0.3333333333333333, "1_NONTANT_174_0": 0.14285714285714285, "2_DESCRIPTION_174_0": 0.0, "3_:_174_0": 1.0, "4_Tel_174_0": 0.0, "5_17000_174_0": 0.0, "6_ROCHELLE_174_0": 0.0, "7_LA_174_0": 0.0, "8_170_174_0": 0.0, "9_AV_174_0": 0.0, "10_EMILE_174_0": 0.0, "11_NORMANDIN_174_0": 0.0, "12_CONTACT_174_0": 0.0, "13_LA_174_0": 0.0, "14_ROCHELLE_174_0": 0.0, "0_BIENTOT_52_2": 0.0, "0_01-03-18_X51005365179_0": 0.0, "1_Printed_X51005365179_0": 0.14285714285714285, "2_Date_X51005365179_0": 0.0, "3_5:23:30_X51005365179_0": 0.0, "4_PM_X51005365179_0": 0.0, "5_c1_X51005365179_0": 0.5, "6_Counter_X51005365179_0": 0.0, "7_No._X51005365179_0": 0.0, "8_khoo_X51005365179_0": 0.25, "9_Cashier_X51005365179_0": 0.0, "10_No._X51005365179_0": 0.0, "11_01-03-18_X51005365179_0": 0.125, "12_5:23:26_X51005365179_0": 0.0, "13_PM_X51005365179_0": 0.0, "14_Date_X51005365179_0": 0.0, "15_CR_X51005365179_0": 0.0, "16_1803/0064_X51005365179_0": 0.0, "17_Invoice_X51005365179_0": 0.0, "18_No._X51005365179_0": 0.0, "19_Tax_X51005365179_0": 0.0, "20_Invoice_X51005365179_0": 0.0, "21_Reg_X51005365179_0": 0.0, "22_000549584896_X51005365179_0": 0.0, "23_GST_X51005365179_0": 0.0, "24_No._X51005365179_0": 0.0, "25_03-89410243_X51005365179_0": 0.0, "26_Fax_X51005365179_0": 0.0, "27_Tel_X51005365179_0": 0.0, "28_03-89410243_X51005365179_0": 0.0, "29_SERDANG,_X51005365179_0": 0.0, "30_BUKIT_X51005365179_0": 0.0, "31_KAWASAN_X51005365179_0": 0.0, "32_14/11,_X51005365179_0": 0.0, "33_NO.50_X51005365179_0": 0.2, "34_PBS_X51005365179_0": 0.0, "35_BHD_X51005365179_0": 0.0, "36_CW_X51005365179_0": 1.0, "37_KHOO_X51005365179_0": 0.0, "38_SDN_X51005365179_0": 0.0, "39_(481500-M)_X51005365179_0": 0.0, "0_vignette(s)_467_4": 0.0, "1_par_467_4": 0.0, "2_operation_467_4": 0.0, "3_Bravo_467_4": 0.0, "4_vous_467_4": 0.0, "5_avez_467_4": 0.0, "6_cumule_467_4": 0.0, "7_1111_467_4": 0.75, "8_repris_467_4": 0.0, "9_echanges_467_4": 0.125, "10_ni_467_4": 0.0, "11_ni_467_4": 0.0, "12_BIENTOT_467_4": 0.0, "13_Vous_467_4": 0.0, "14_remercie_467_4": 0.0, "15_de_467_4": 0.0, "16_votre_467_4": 0.0, "17_visite_467_4": 0.0, "18_CARREFOUR_467_4": 0.0, "19_MARKET_467_4": 0.0, "20_AYTRE_467_4": 0.0, "21_echange_467_4": 0.0, "22_repris_467_4": 0.0, "23_Solde_467_4": 0.0, "24_ni_467_4": 0.0, "25_ni_467_4": 0.0, "0_ _receipt_00483_0": 2.0, "0_13,000_receipt_00594_0": 0.0, "1_CHOCO_receipt_00594_0": 1.0, "2_CROSSIANT_receipt_00594_0": 0.3333333333333333, "3_1_receipt_00594_0": 2.0, "0_A_181_2": 0.0, "1_BIENTOT_181_2": 0.0, "2_VOTRE_181_2": 0.0, "3_VISITE_181_2": 0.0, "4_MERCI_181_2": 0.0, "5_DE_181_2": 0.0, "6_0001_181_2": 0.0, "7_19/01/2017_181_2": 0.0, "8_005_181_2": 0.0, "9_000122_181_2": 0.0, "10_13:04:35_181_2": 0.0, "11_Carte_181_2": 0.0, "0_ALIMENTAIRE_228_2": 0.0, "1_53.56\u20ac_228_2": 0.0, "2_TOTAL_228_2": 0.0, "3_NOISET_228_2": 0.0, "4_XTREM_228_2": 0.2, "5_CHOCO_228_2": 0.0, "6_2.98\u20ac_228_2": 0.4, "7_0.94\u20ac_228_2": 0.4, "8_RAVIOLI_228_2": 0.14285714285714285, "9_PANZANI_228_2": 0.14285714285714285, "10_1.14\u20ac_228_2": 0.4, "11_RATATOUILLE_228_2": 0.0, "12_1/4_228_2": 1.0, "13_2.06\u20ac_228_2": 0.4, "14_1.30\u20ac_228_2": 0.4, "15_PIZZA_228_2": 0.8, "16_3_228_2": 1.0, "17_FROMAGES_228_2": 0.125, "18_2.23\u20ac_228_2": 0.4, "19_PETIT_228_2": 0.0, "20_DEJEUNER_228_2": 0.0, "21_CHO_228_2": 0.3333333333333333, "22_LAIT_228_2": 0.25, "23_ECREME_228_2": 0.16666666666666666, "24_X6_228_2": 0.5, "25_CRF_228_2": 0.6666666666666666, "26_5.16\u20ac_228_2": 0.4, "27_CREME_228_2": 0.0, "28_KIRI_228_2": 0.0, "29_X_228_2": 0.0, "30_12_228_2": 1.0, "31_2.28\u20ac_228_2": 0.4, "32_HUILE_228_2": 0.0, "33_ISIO_228_2": 0.25, "34_4_228_2": 1.0, "35_MINI_228_2": 0.5, "36_1.92\u20ac_228_2": 0.4, "37_EMMENTAL_228_2": 0.25, "38_RAPE_228_2": 0.0, "39_CRF_228_2": 0.3333333333333333, "40_1.45\u20ac_228_2": 0.4, "41_COURGETTE_228_2": 0.0, "42_0.60\u20ac_228_2": 0.4, "43_CORDON_228_2": 0.0, "44_BLEU_228_2": 0.0, "45_DINDE_228_2": 0.0, "46_1.31\u20ac_228_2": 0.4, "47_CLEMENTINE_228_2": 0.0, "48_MOYENNE_228_2": 0.14285714285714285, "49_0.86\u20ac_228_2": 0.4, "0_0_receipt_00287_1": 0.0, "1_CASH_receipt_00287_1": 0.0, "2_28,000_receipt_00287_1": 0.0, "3_1_receipt_00287_1": 0.0, "0_A_73_3": 0.0, "1_BIENTOT_73_3": 0.0, "2_MERCI_73_3": 0.0, "3_DE_73_3": 0.0, "4_VOTRE_73_3": 0.0, "5_VISITE_73_3": 0.0, "0_Tel_49_0": 0.0, "1_ROCHELLE_49_0": 0.0, "2_17000_49_0": 0.0, "3_LA_49_0": 0.5, "4_SCIERIE_49_0": 0.0, "5_RUE_49_0": 0.0, "6_DE_49_0": 0.0, "7_LA_49_0": 0.5, "8_33_49_0": 0.0, "9_ROCHELLE_49_0": 0.0, "10_CRF-CITY_49_0": 0.0, "11_LA_49_0": 0.0, "0_4X_receipt_00397_0": 1.0, "1_@10000_receipt_00397_0": 0.0, "2_28,635_receipt_00397_0": 0.0, "3_BANANA_receipt_00397_0": 0.0, "4_SPLIT_receipt_00397_0": 0.0, "5_@9545_receipt_00397_0": 0.2, "6_3X_receipt_00397_0": 0.0, "7_20,000_receipt_00397_0": 0.0, "8_AYAM_receipt_00397_0": 0.25, "9_@10000_receipt_00397_0": 0.0, "10_2X_receipt_00397_0": 0.5, "11_DURIAN_receipt_00397_0": 0.16666666666666666, "12_36,364_receipt_00397_0": 0.0, "13_PILLOW_receipt_00397_0": 0.0, "14_@36364_receipt_00397_0": 0.16666666666666666, "15_1X_receipt_00397_0": 1.0, "16_36,364_receipt_00397_0": 0.16666666666666666, "17_COKLAT_receipt_00397_0": 0.16666666666666666, "18_PILLOW_receipt_00397_0": 0.16666666666666666, "19_@36364_receipt_00397_0": 0.16666666666666666, "20_1X_receipt_00397_0": 1.0, "0_26,670_receipt_00659_1": 0.16666666666666666, "1_PB1_receipt_00659_1": 0.6666666666666666, "2_10%_receipt_00659_1": 0.0, "3_12,700_receipt_00659_1": 0.16666666666666666, "4_SVC_receipt_00659_1": 1.0, "5_5%_receipt_00659_1": 1.0, "6_254,000_receipt_00659_1": 0.0, "7_SUBTTL_receipt_00659_1": 0.16666666666666666, "8_186,000_receipt_00659_1": 0.0, "9_SPECIAL_receipt_00659_1": 0.14285714285714285, "10_RAMEN_receipt_00659_1": 0.2, "11_AYAM_receipt_00659_1": 0.25, "12_3_receipt_00659_1": 1.0, "13_12,000_receipt_00659_1": 0.16666666666666666, "14_OCHA_receipt_00659_1": 0.25, "15_DINGIN_receipt_00659_1": 0.0, "16_1_receipt_00659_1": 1.0, "17_24,000_receipt_00659_1": 0.16666666666666666, "18_OCHA_receipt_00659_1": 0.25, "19_HANGAT_receipt_00659_1": 0.16666666666666666, "20_2_receipt_00659_1": 0.0, "21_32,000_receipt_00659_1": 0.3333333333333333, "22_GORENG_receipt_00659_1": 0.16666666666666666, "23_GYOZA_receipt_00659_1": 0.0, "24_AYAM_receipt_00659_1": 0.5, "25_1_receipt_00659_1": 1.0, "0_DESCRIPTION_460_0": 0.0, "1_QTE_460_0": 0.3333333333333333, "2_MONTANT_460_0": 0.2857142857142857, "3_Tel_460_0": 0.0, "4_17000_460_0": 1.0, "5_ROCHELLE_460_0": 0.0, "6_RUE_460_0": 0.6666666666666666, "7_SCIERIE_460_0": 0.0, "8_DE_460_0": 0.0, "9_LA_460_0": 0.0, "10_CRF_460_0": 1.0, "11_LA_460_0": 0.0, "12_ROCHELLE_460_0": 0.0, "0_BIENTOT_262_2": 0.14285714285714285, "1_A_262_2": 0.0, "2_MERCI_262_2": 0.0, "3_DE_262_2": 0.0, "4_VOTRE_262_2": 0.0, "5_VISITE_262_2": 0.0, "0_ _receipt_00785_0": 4.0, "0_U218_734_0": 0.25, "1_SINGLES_734_0": 0.0, "2_(5)_734_0": 0.0, "3_kh1_734_0": 0.6666666666666666, "4_recu_734_0": 0.25, "5_par_734_0": 0.0, "6_Vous_734_0": 0.0, "7_avez_734_0": 0.0, "8_ete_734_0": 0.0, "9_CYNDIE_734_0": 0.0, "10_Du_734_0": 0.0, "11_lundi_734_0": 0.2, "12_au_734_0": 0.0, "13_samedi_734_0": 0.0, "14_de_734_0": 0.0, "15_9h_734_0": 0.5, "16_a_734_0": 0.0, "17_20h_734_0": 0.0, "18_:_734_0": 2.0, "19_Tel_734_0": 0.0, "20_05_734_0": 0.5, "21_46_734_0": 0.0, "22_35_734_0": 0.0, "23_50_734_0": 0.0, "24_50_734_0": 0.0, "25_jubile_734_0": 1.0, "26_l'esprit_734_0": 0.125, "0_62.000_receipt_00434_1": 0.0, "1_CHANGED_receipt_00434_1": 0.5714285714285714, "2_100.000_receipt_00434_1": 0.0, "3_CASH_receipt_00434_1": 0.0, "4_38.000_receipt_00434_1": 0.16666666666666666, "5_TOTAL_receipt_00434_1": 0.2, "6_38.000_receipt_00434_1": 0.0, "7_Small_receipt_00434_1": 0.0, "8_Caramel_receipt_00434_1": 0.14285714285714285, "9_1_receipt_00434_1": 0.0, "0_votre_637_2": 0.0, "1_visite_637_2": 0.0, "2_de_637_2": 0.0, "3_0,04_637_2": 0.0, "4_\u20ac_637_2": 0.0, "5_Rendu:_637_2": 0.0, "6_1,00_637_2": 0.0, "7_Paye_637_2": 0.0, "8_\u20ac_637_2": 1.0, "9_Article(+)_637_2": 0.0, "0_ _28_2": 2.0, "0_VISITE_758_2": 0.16666666666666666, "1_DE_758_2": 0.0, "2_VOTRE_758_2": 0.0, "3_VOUS_758_2": 1.0, "4_NOUS_758_2": 0.25, "5_l'accueil_758_2": 0.2222222222222222, "6_Hodalites,_758_2": 0.0, "7_duree_758_2": 0.0, "8_de_758_2": 0.0, "9_validite_758_2": 0.0, "10_a_758_2": 1.0, "11_E.LECLERC._758_2": 0.0, "12_votre_758_2": 0.0, "13_carte_758_2": 0.0, "14_presentation_758_2": 0.0, "15_de_758_2": 0.0, "16_l'operation_758_2": 0.18181818181818182, "17_et_758_2": 0.0, "18_sur_758_2": 0.0, "19_al_758_2": 1.0, "20_participant_758_2": 0.0, "21_nagasins_758_2": 0.125, "22_E.LECLERC_758_2": 0.0, "23_vos_758_2": 0.0, "24_achats_758_2": 0.0, "25_dans_758_2": 0.0, "26_tous_758_2": 0.0, "27_les_758_2": 0.0, "28_prochains_758_2": 0.2222222222222222, "29_Ce_758_2": 0.0, "30_DISPONIBLE_758_2": 0.0, "31_est_758_2": 0.0, "32_valoir_758_2": 0.16666666666666666, "33_sur_758_2": 0.0, "34_CUMUL_758_2": 0.4, "35_a_758_2": 0.0, "36_19/01/17_758_2": 0.0, "37_:_758_2": 1.0, "38_12.26_758_2": 0.0, "39_E_758_2": 0.0, "40_DISPONIBLE_758_2": 0.0, "41_AU_758_2": 0.0, "42_CUMUL_758_2": 0.4, "43_0.25_758_2": 0.0, "44_E_758_2": 0.0, "45_d'obtenir_758_2": 0.0, "46_Vous_758_2": 0.75, "47_venez_758_2": 0.4, "48_repere_758_2": 0.0, "49_0.25_758_2": 0.0, "50_E_758_2": 0.0, "51_Marque_758_2": 0.3333333333333333, "0_A_108_2": 0.0, "1_BIENTOT_108_2": 0.0, "2_MERCI_108_2": 0.0, "3_DE_108_2": 0.0, "4_VOTRE_108_2": 0.0, "5_VISITE_108_2": 0.0, "6_000274_108_2": 0.0, "7_0007_108_2": 0.0, "8_002_108_2": 0.0, "9_32/01/2017_108_2": 0.0, "10_16:52:19_108_2": 0.0, "0_LONGAN_receipt_00364_0": 0.0, "1_0_receipt_00364_0": 2.0, "2_1_receipt_00364_0": 2.0, "3_1_receipt_00364_0": 1.0, "4_PEACH_receipt_00364_0": 0.0, "5_0_receipt_00364_0": 2.0, "6_[RICHE]_receipt_00364_0": 0.0, "7_SAKURA_receipt_00364_0": 0.0, "8_BLACK_receipt_00364_0": 0.0, "9_57,273_receipt_00364_0": 0.16666666666666666, "10_1_receipt_00364_0": 1.0, "11_COCO_receipt_00364_0": 1.0, "12_NATA_receipt_00364_0": 0.0, "13_DE_receipt_00364_0": 0.0, "14_1_receipt_00364_0": 1.0, "15_0_receipt_00364_0": 1.0, "16_VELVET_receipt_00364_0": 0.0, "17_YELLOW_receipt_00364_0": 0.0, "18_1_receipt_00364_0": 0.0, "19_0_receipt_00364_0": 1.0, "20_VELVET_receipt_00364_0": 0.0, "21_YELLOW_receipt_00364_0": 0.0, "22_1_receipt_00364_0": 1.0, "23_0_receipt_00364_0": 1.0, "24_ROASTED_receipt_00364_0": 0.0, "25_ALMOND_receipt_00364_0": 0.0, "26_1_receipt_00364_0": 1.0, "27_0_receipt_00364_0": 1.0, "28_STRAWBERRY_receipt_00364_0": 0.0, "29_1_receipt_00364_0": 1.0, "30_0_receipt_00364_0": 1.0, "31_KIWI_receipt_00364_0": 0.5, "32_1_receipt_00364_0": 1.0, "33_0_receipt_00364_0": 2.0, "34_[RICHE]_receipt_00364_0": 0.0, "35_BLACK_receipt_00364_0": 0.0, "36_SAKURA_receipt_00364_0": 0.16666666666666666, "37_1_receipt_00364_0": 1.0, "38_57,273_receipt_00364_0": 0.3333333333333333, "0_ _282_2": 2.0, "0_18/03/2017_688_0": 0.0, "1_10:55_688_0": 0.4, "2_Commercant_688_0": 0.1, "3_independant._688_0": 0.08333333333333333, "4_Franchise_688_0": 0.0, "5_Okaidi,_688_0": 0.0, "6_:_688_0": 1.0, "7_Tel_688_0": 0.0, "8_46_688_0": 0.0, "9_01_688_0": 0.0, "10_05_688_0": 2.0, "11_03_688_0": 0.0, "12_96_688_0": 0.0, "13_PUILBOREAU_688_0": 0.0, "14_17138_688_0": 0.0, "15_(0057)_688_0": 0.0, "16_C.Cial_688_0": 0.16666666666666666, "17_Beaulieu_688_0": 0.0, "18_La_688_0": 0.0, "19_CC_688_0": 1.0, "20_Beaul_688_0": 0.0, "0_Vignette(s)_218_3": 0.0, "1_par_218_3": 0.0, "2_operation_218_3": 0.0, "3_Bravo_218_3": 0.2, "4_vous_218_3": 0.0, "5_cumule_218_3": 0.0, "6_avez_218_3": 0.0, "7_2.0_218_3": 0.0, "0_repris_241_2": 0.0, "1_echange_241_2": 0.0, "2_Solde_241_2": 0.0, "3_ni_241_2": 0.0, "4_ni_241_2": 0.5, "5_0111_241_2": 1.0, "6_011_241_2": 1.0, "7_000194_241_2": 0.0, "8_20/01/2017_241_2": 0.0, "9_18:57:36_241_2": 0.0, "10_CARTE_241_2": 0.0, "11_BANCAIRE_241_2": 0.0, "12_EMV_241_2": 0.0, "13_EUR_241_2": 0.0, "14_43.59\u20ac_241_2": 1.0, "15_ARTICLE_241_2": 0.0, "16_(S)_241_2": 0.3333333333333333, "17_20_241_2": 0.5, "18_TOTAL_241_2": 0.0, "19_A_241_2": 0.0, "20_PAYER_241_2": 0.0, "21_43.59\u20ac_241_2": 0.3333333333333333, "22_TOTAL_241_2": 0.0, "23_ALIMENTAIRE_241_2": 0.0, "24_43.59\u20ac_241_2": 0.16666666666666666, "25_B.M_241_2": 0.6666666666666666, "26_1.59\u20ac_241_2": 0.4, "27_*YAQURT_241_2": 0.2857142857142857, "28_VANILLE_241_2": 0.14285714285714285, "29_*PUR_241_2": 0.25, "30_ORANGE_241_2": 0.0, "31_CRF_241_2": 0.3333333333333333, "32_JUS_241_2": 1.0, "33_1.47\u20ac_241_2": 0.4, "34_HOVENNE_241_2": 1.0, "35_1.08\u20ac_241_2": 0.4, "36_*POMME_241_2": 0.5, "37_GALA_241_2": 0.0, "38_1.86\u20ac_241_2": 0.4, "39_*PJ_241_2": 0.3333333333333333, "40_MULTIFR.CRF_241_2": 0.0, "41_2.43\u20ac_241_2": 0.4, "42_*PIZZA_241_2": 0.5, "43_4SAISONS_241_2": 0.375, "44_CRF_241_2": 0.0, "0_A_439_1": 0.0, "1_BIENTOT_439_1": 0.0, "2_MERCI_439_1": 0.0, "3_DE_439_1": 0.0, "4_VOTRE_439_1": 0.0, "5_VISITE_439_1": 0.0, "6_0004_439_1": 0.0, "7_000215_439_1": 0.16666666666666666, "8_16/03/2017_439_1": 0.0, "9_004_439_1": 0.3333333333333333, "10_12:30:23_439_1": 0.0, "11_4.23\u20ac_439_1": 0.4, "12_CB_439_1": 0.5, "13_EMV_439_1": 0.3333333333333333, "14_SANS_439_1": 0.0, "15_CONTACT_439_1": 0.0, "16_EUR_439_1": 0.0, "17_1_439_1": 0.0, "18_(S)_439_1": 0.6666666666666666, "19_ARTICLE_439_1": 0.0, "20_TOTAL_439_1": 0.0, "21_A_439_1": 0.0, "22_PAYER_439_1": 0.0, "23_4.23\u20ac_439_1": 0.4, "24_*SALADE_439_1": 0.0, "25_VENEZIA_439_1": 0.2857142857142857, "26_4.23\u20ac_439_1": 0.4, "0_32,000_receipt_00360_0": 0.0, "1_2_receipt_00360_0": 0.0, "2_CHOCOLATE_receipt_00360_0": 0.0, "3_TWIST_receipt_00360_0": 0.0, "4_20,000_receipt_00360_0": 0.0, "5_2_receipt_00360_0": 0.0, "6_TWIST_receipt_00360_0": 0.0, "7_ORANGE_receipt_00360_0": 0.0, "8_CHOCO_receipt_00360_0": 0.6, "9_DONUT_receipt_00360_0": 0.8, "0_ _receipt_00211_0": 5.0, "0_A_646_2": 0.0, "1_BIENTOT_646_2": 0.0, "2_MERCI_646_2": 0.0, "3_DE_646_2": 0.0, "4_VOTRE_646_2": 0.0, "5_VISITE_646_2": 0.0, "0_500_receipt_00459_1": 1.0, "1_CHANGE_receipt_00459_1": 0.16666666666666666, "2_105,000_receipt_00459_1": 1.0, "3_CASH_receipt_00459_1": 0.0, "0_GOODS_X00016469672_2": 0.0, "1_RETURNABLE,_X00016469672_2": 0.0, "2_SOLD_X00016469672_2": 0.75, "3_ARE_X00016469672_2": 0.0, "4_NOT_X00016469672_2": 0.0, "5_THANK_X00016469672_2": 0.0, "6_YOU._X00016469672_2": 0.75, "7_Change:_X00016469672_2": 0.14285714285714285, "8_0.00_X00016469672_2": 0.0, "9_327.00_X00016469672_2": 0.0, "10_CASH_X00016469672_2": 0.0, "11_Total_X00016469672_2": 0.0, "12_Sales_X00016469672_2": 0.0, "13_327.00_X00016469672_2": 0.0, "14_Rounding_X00016469672_2": 0.0, "15_0.00_X00016469672_2": 0.0, "16_Total_X00016469672_2": 0.0, "17_0.00_X00016469672_2": 0.0, "18_Discount_X00016469672_2": 0.0, "19_0.00_X00016469672_2": 1.0, "20_Total_X00016469672_2": 0.0, "21_Sales_X00016469672_2": 0.0, "22_327.00_X00016469672_2": 0.0, "23_Qty_X00016469672_2": 0.6666666666666666, "24_Total_X00016469672_2": 0.0, "25_327_X00016469672_2": 0.0, "26_00_X00016469672_2": 1.0, "27_HD40_X00016469672_2": 0.0, "28_1L_X00016469672_2": 0.5, "29_COTIN_X00016469672_2": 0.0, "30_70561_X00016469672_2": 0.0, "31_2_X00016469672_2": 0.0, "32_18.00_X00016469672_2": 0.0, "33_18.00_X00016469672_2": 0.2, "34_36.00_X00016469672_2": 0.0, "35_STARTER_X00016469672_2": 0.0, "36_EY20_X00016469672_2": 0.0, "37_HANDLE_X00016469672_2": 0.0, "38_70197_X00016469672_2": 0.0, "39_1_X00016469672_2": 0.0, "40_10.00_X00016469672_2": 0.0, "41_10.00_X00016469672_2": 0.0, "42_10.00_X00016469672_2": 0.0, "43_STARTER_X00016469672_2": 0.0, "44_TALI_X00016469672_2": 0.25, "0_Tpv_733_2": 0.6666666666666666, "1_18:40_733_2": 0.0, "2_Articles_733_2": 0.0, "3_H_733_2": 0.0, "4_1_733_2": 0.0, "5_6_733_2": 0.0, "6_MERCI_733_2": 0.0, "7_DE_733_2": 0.0, "8_VOTRE_733_2": 0.0, "9_VISITE_733_2": 0.0, "0_A_137_1": 0.0, "1_BIENTOT_137_1": 0.0, "2_VISITE_137_1": 0.0, "3_DE_137_1": 0.0, "4_VOTRE_137_1": 0.0, "5_MERCI_137_1": 0.0, "6_13/01/2016_137_1": 0.0, "7_19:02:11_137_1": 0.0, "8_000451_137_1": 0.0, "9_0004_137_1": 0.0, "10_004_137_1": 1.0, "11_44.43\u20ac_137_1": 0.3333333333333333, "12_EUR_137_1": 0.0, "13_BANCAIRE_137_1": 0.0, "14_EMV_137_1": 0.3333333333333333, "15_CARTE_137_1": 0.0, "16_44.43\u20ac_137_1": 0.3333333333333333, "17_ARTICLE(S)_137_1": 0.0, "18_PAYER_137_1": 0.0, "19_TOTAL_137_1": 0.8, "20_A_137_1": 1.0, "21_2_137_1": 0.0, "22_11.10\u20ac_137_1": 0.3333333333333333, "23_CRF_137_1": 0.3333333333333333, "24_POIREA_137_1": 0.0, "25_X2_137_1": 0.5, "26_TART_137_1": 0.0, "27_22.33\u20ac_137_1": 0.3333333333333333, "28_AUB/HOZZA_137_1": 0.1111111111111111, "29_LUNE_137_1": 0.25, "30_1/2_137_1": 0.3333333333333333, "31_11.33\u20ac_137_1": 0.3333333333333333, "32_1.HOZZA_137_1": 0.8571428571428571, "33_MONTANT_137_1": 0.2857142857142857, "34_QTE_137_1": 1.0, "35_DESCRIPTION_137_1": 0.0, "0_ _receipt_00141_0": 3.0, "0_TTC_759_0": 0.6666666666666666, "1_19/01/17_759_0": 0.375, "2_OEZ9_759_0": 0.5, "3_06300_759_0": 0.0, "4_0_759_0": 1.0, "5_Ticket_759_0": 0.0, "6_17:12_759_0": 0.0, "7_014-0111_759_0": 0.0, "8_janvier_759_0": 0.14285714285714285, "9_2017_759_0": 0.25, "10_19_759_0": 1.5, "11_Caisse_759_0": 0.16666666666666666, "12_TEL.:_759_0": 0.6, "13_LA_759_0": 0.0, "14_VOUS_759_0": 1.0, "15_SOUHA_759_0": 0.0, "16_ITE_759_0": 0.0, "17_D'ANGELY_759_0": 0.0, "18_SAINT_759_0": 0.0, "19_JEAN_759_0": 0.0, "0_ _receipt_00796_0": 2.0, "0_ALIMENTAIRE_255_1": 0.0, "1_TOTAL_255_1": 0.0, "2_31.38\u20ac_255_1": 0.3333333333333333, "3_MOYENNE_255_1": 0.14285714285714285, "4_*POMME_255_1": 0.0, "5_GALA_255_1": 0.0, "6_1.78\u20ac_255_1": 0.4, "7_4SAISONS_255_1": 0.125, "8_CRF_255_1": 0.0, "9_*PIZZA_255_1": 0.8333333333333334, "10_2.43\u20ac_255_1": 0.4, "11_*PETIL_255_1": 0.0, "12_PJ_255_1": 0.0, "13_TONUS_255_1": 0.0, "14_CRF_255_1": 0.0, "15_1.97\u20ac_255_1": 0.4, "16_CLEMENTI_255_1": 0.125, "17_1.92\u20ac_255_1": 0.4, "18_*PET_255_1": 0.0, "19_1L_255_1": 0.5, "20_PJ_255_1": 0.5, "21_CONSO_255_1": 0.0, "22_1.79\u20ac_255_1": 0.4, "23_*PDT_255_1": 0.0, "24_UP_255_1": 1.0, "25_2.13\u20ac_255_1": 0.4, "26_*ORANGE_255_1": 0.0, "27_DESS.GROS_255_1": 0.1111111111111111, "28_2.15\u20ac_255_1": 0.4, "29_*LEGUME_255_1": 0.0, "30_DU_255_1": 1.0, "31_SUD_255_1": 1.0, "32_1L_255_1": 1.0, "33_KG_255_1": 0.5, "34_POULET_255_1": 0.0, "35_HALAL_255_1": 0.0, "36_BL_255_1": 0.0, "37_4.31\u20ac_255_1": 0.4, "38_0.98\u20ac_255_1": 0.4, "39_FUSILLI_255_1": 0.14285714285714285, "40_CPLTE_255_1": 0.0, "41_500G_255_1": 0.25, "42_2.12\u20ac_255_1": 0.4, "43_PLEIN_255_1": 0.0, "44_AIR_255_1": 0.0, "45_1.55\u20ac_255_1": 0.4, "46_OEUFS_255_1": 0.0, "47_*4X120G_255_1": 0.14285714285714285, "48_PANIER_255_1": 0.16666666666666666, "49_EXTR_255_1": 0.0, "50_1.69\u20ac_255_1": 0.4, "51_*3X1/4_255_1": 0.16666666666666666, "52_CHAMP.EMINCE_255_1": 0.25, "53_1.99\u20ac_255_1": 0.4, "54_*2X1/4_255_1": 1.0, "55_2.97\u20ac_255_1": 0.4, "56_THON_255_1": 0.0, "57_ALB.CRF_255_1": 0.0, "58_CORIANDRE_255_1": 0.1111111111111111, "59_*11G_255_1": 0.5, "60_FLOR_255_1": 0.0, "61_1.60\u20ac_255_1": 0.4, "0_CHANGE_receipt_00344_1": 0.16666666666666666, "1_0.00_receipt_00344_1": 1.0, "2_VMB_receipt_00344_1": 1.0, "3_BCA_receipt_00344_1": 0.3333333333333333, "4_121.000.00_receipt_00344_1": 0.6, "5_AMOUNT_receipt_00344_1": 1.0, "6_DUE_receipt_00344_1": 0.6666666666666666, "7_121,000.00_receipt_00344_1": 1.0, "8_TAX_receipt_00344_1": 1.3333333333333333, "9_INCLUDED_receipt_00344_1": 0.125, "10_11,000.00_receipt_00344_1": 0.8888888888888888, "11_SUB-TOTAL_receipt_00344_1": 0.5555555555555556, "12_121,000.00_receipt_00344_1": 0.9, "0_MERCI_413_1": 0.0, "1_DE_413_1": 0.0, "2_VOTRE_413_1": 0.0, "3_VISITE_413_1": 0.0, "4_0001_413_1": 0.25, "5_24/04/2017_413_1": 0.2, "6_004_413_1": 0.0, "7_000104_413_1": 0.0, "8_11:46:48_413_1": 0.0, "9_CB_413_1": 0.5, "10_EMV_413_1": 0.0, "11_SANS_413_1": 0.0, "12_CONTACT_413_1": 0.0, "13_EUR_413_1": 0.0, "14_9.74\u20ac_413_1": 0.4, "15_4_413_1": 1.0, "16_(S)_413_1": 0.3333333333333333, "17_PAYER_413_1": 0.0, "18_9.74\u20ac_413_1": 0.4, "19_ARTICLE_413_1": 0.0, "20_TOTAL_413_1": 0.0, "21_A_413_1": 0.0, "22_*VACHE_413_1": 0.3333333333333333, "23_BOIRE_413_1": 0.0, "24_VANI_413_1": 0.5, "25_1.99\u20ac_413_1": 0.4, "26_A_413_1": 1.0, "27_*SALADE_413_1": 0.0, "28_SAUMON_413_1": 0.0, "29_FUME_413_1": 0.0, "30_3.30\u20ac_413_1": 0.4, "31_POM/PEC/_413_1": 0.0, "32_1.68e_413_1": 0.4, "33_*DESS.FRTS_413_1": 0.0, "34_*180G_413_1": 0.4, "35_QUINOA_413_1": 0.3333333333333333, "36_BOULG_413_1": 0.2, "37_2.77\u20ac_413_1": 0.4, "0_9.091_receipt_00776_0": 0.2, "1_Air_receipt_00776_0": 0.0, "2_Mineral_receipt_00776_0": 0.0, "3_1_receipt_00776_0": 0.0, "4_19.091_receipt_00776_0": 0.0, "5_1_receipt_00776_0": 0.0, "6_Jeruk_receipt_00776_0": 0.0, "7_Panas_receipt_00776_0": 0.0, "8_Nasgor_receipt_00776_0": 0.0, "9_32.727_receipt_00776_0": 0.0, "10_Jawa_receipt_00776_0": 0.0, "11_1_receipt_00776_0": 0.0, "0_Pay Cash_receipt_00049_1": 0.125, "1_29,000_receipt_00049_1": 0.3333333333333333, "2_Change_receipt_00049_1": 0.5, "3_:0_receipt_00049_1": 1.0, "4_Total_receipt_00049_1": 0.8, "5_29,000_receipt_00049_1": 0.5, "6_ITEMS:_receipt_00049_1": 0.6666666666666666, "7_1_receipt_00049_1": 1.0, "8_29,000_receipt_00049_1": 0.5, "9_1_receipt_00049_1": 2.0, "10_Sweet_receipt_00049_1": 0.4, "11_Plum_receipt_00049_1": 1.0, "12_Potato_receipt_00049_1": 0.6666666666666666, "13_29,000_receipt_00049_1": 0.6666666666666666, "0_BANCAIRE_264_1": 0.0, "1_EMV_264_1": 0.0, "2_EUR_264_1": 0.0, "3_19.07\u20ac_264_1": 0.3333333333333333, "4_CARTE_264_1": 0.4, "5_19.07\u20ac_264_1": 0.3333333333333333, "6_7ARTICLE(S)_264_1": 0.18181818181818182, "7_TOTAL_264_1": 0.8, "8_PAYER_264_1": 0.0, "9_A_264_1": 0.0, "10_2.95\u20ac_264_1": 0.4, "11_TOMATI_264_1": 0.3333333333333333, "12_JAUNE_264_1": 0.2, "13_BQ_264_1": 1.0, "14_2506_264_1": 0.25, "15_5.016_264_1": 0.4, "16_SECH_264_1": 0.0, "17_MAGRE_264_1": 0.4, "18_CANARD_264_1": 0.0, "19_LEGUMES_264_1": 0.0, "20_0.99\u20ac_264_1": 0.4, "21_FRUIT_264_1": 0.0, "22_ET_264_1": 0.5, "23_2.62\u20ac_264_1": 0.4, "24_HERBES_264_1": 0.0, "25_DES_264_1": 0.0, "26_OMAGE_264_1": 0.2, "27_FI_264_1": 0.5, "28_5.50\u20ac_264_1": 0.4, "29_BUDDH_264_1": 0.8, "30_BOL_264_1": 0.0, "31_PATATE_264_1": 0.0, "32_0.340kg_264_1": 0.0, "33_2.95\u20ac/kg_264_1": 0.25, "34_x_264_1": 2.0, "35_1.00\u20ac_264_1": 0.4, "36_*ABRIC_264_1": 0.0, "37_PETIT_264_1": 0.0, "38_T_264_1": 1.0, "39_250_264_1": 0.3333333333333333, "40_IR_264_1": 0.0, "41_1.00\u20ac_264_1": 0.4, "42_BAGUETTE_264_1": 0.5, "43_CRF_264_1": 0.3333333333333333, "0_2.17\u20ac_257_2": 0.4, "1_CREME_257_2": 0.2, "2_X_257_2": 0.0, "3_12_257_2": 0.0, "4_KIRI_257_2": 0.25, "5_2.51\u20ac_257_2": 0.4, "6_JBON_257_2": 0.0, "7_SEC_257_2": 0.0, "8_SUP.4T_257_2": 0.6666666666666666, "9_CF_257_2": 0.0, "10_POULET_257_2": 0.0, "11_2.30\u20ac_257_2": 0.4, "12_GARNITURE_257_2": 0.0, "13_2.50\u20ac_257_2": 0.4, "14_200G_257_2": 0.25, "15_GALETTE_257_2": 0.0, "16_PANEE_257_2": 0.0, "17_1.52\u20ac_257_2": 0.4, "18_FROMAGE_257_2": 0.0, "19_DE_257_2": 0.0, "20_BREBIS_257_2": 0.0, "21_3.45\u20ac_257_2": 0.4, "22_DU_257_2": 1.0, "23_POITOU_257_2": 0.0, "24_FARCI_257_2": 0.2, "25_2.64\u20ac_257_2": 0.8, "26_2x_257_2": 1.0, "27_1.42_257_2": 0.0, "28_RAPE_257_2": 0.0, "29_CRF_257_2": 0.0, "30_EMMENTAL_257_2": 0.25, "31_0.98\u20ac_257_2": 0.4, "32_COURGETTE_257_2": 0.1111111111111111, "33_2.22\u20ac_257_2": 0.4, "34_BLEU_257_2": 0.0, "35_DINDE_257_2": 0.0, "36_CORDON_257_2": 0.0, "37_0.70\u20ac_257_2": 0.4, "38_CONCOMBRE_257_2": 0.1111111111111111, "39_PIECE_257_2": 0.0, "40_4.59\u20ac_257_2": 0.6, "41_ABRICOT_257_2": 0.14285714285714285, "42_PP_257_2": 0.0, "43_BQ_257_2": 0.5, "44_1KG_257_2": 0.3333333333333333, "45_1.35\u20ac_257_2": 0.4, "46_POIRE_257_2": 0.0, "47_ANDROS_257_2": 0.0, "48_POMME_257_2": 0.4, "49_1.75\u20ac_257_2": 0.4, "50_VELOUTE_257_2": 0.0, "51_NAT_257_2": 0.3333333333333333, "52_8X125G_257_2": 0.3333333333333333, "53_NOIR_257_2": 0.25, "54_80%_257_2": 0.0, "55_80G_257_2": 0.3333333333333333, "56_CHOC_257_2": 0.0, "57_1.60\u20ac_257_2": 0.4, "58_SALSIFIS_257_2": 0.125, "59_CRF_257_2": 0.0, "60_72CL_257_2": 0.5, "61_3.37\u20ac_257_2": 0.4, "62_BON_257_2": 0.3333333333333333, "63_PARIS_257_2": 0.2, "64_ETOUF_257_2": 0.0, "65_6T_257_2": 1.0, "0_MERCI_347_1": 0.0, "1_DE_347_1": 0.0, "2_VOTRE_347_1": 0.0, "3_VISITE_347_1": 0.0, "4_09/03/2017_347_1": 0.0, "5_0006_347_1": 0.25, "6_004_347_1": 0.0, "7_000419_347_1": 0.0, "8_16:29:34_347_1": 0.0, "9_CARTE_347_1": 0.0, "10_BANCAIRE_347_1": 0.0, "11_EMV_347_1": 0.3333333333333333, "12_EUR_347_1": 0.0, "13_3.21\u20ac_347_1": 0.4, "14_ARTICLE_347_1": 0.0, "15_(S)_347_1": 0.3333333333333333, "16_PAYER_347_1": 0.0, "17_4_347_1": 1.0, "18_TOTAL_347_1": 0.8, "19_A_347_1": 1.0, "20_3.21\u20ac_347_1": 0.4, "21_*SAC_347_1": 0.25, "22_CAISSE_347_1": 0.0, "23_PAPIER_347_1": 0.16666666666666666, "24_0.10\u20ac_347_1": 0.4, "25_*EAU_347_1": 0.5, "26_SCE_347_1": 0.0, "27_NONTAG.CRF_347_1": 0.2, "28_0.31\u20ac_347_1": 0.4, "29_*BAGUETTE_347_1": 0.1111111111111111, "30_250G_347_1": 0.25, "31_0.84\u20ac_347_1": 0.6, "32_1.96e_347_1": 0.4, "33_*72_347_1": 0.3333333333333333, "34_LING.BB_347_1": 0.0, "35_FRESH_347_1": 0.0, "0_4,500_receipt_00622_1": 0.0, "1_CHANGE_receipt_00622_1": 0.0, "2_30,000_receipt_00622_1": 0.0, "3_CASH_receipt_00622_1": 0.25, "4_25,500_receipt_00622_1": 0.0, "5_DUE_receipt_00622_1": 0.0, "6_CS_receipt_00622_1": 1.0, "7_3_receipt_00622_1": 1.0, "8_25,500_receipt_00622_1": 0.0, "9_ITEM:_receipt_00622_1": 0.0, "10_SUBTOTAL_receipt_00622_1": 0.125, "11_3_receipt_00622_1": 1.0, "12_9,500_receipt_00622_1": 0.0, "13_1_receipt_00622_1": 0.0, "14_RB._receipt_00622_1": 0.0, "15_SAPSAY_receipt_00622_1": 0.0, "16_CHICKEN_receipt_00622_1": 0.14285714285714285, "17_8,000_receipt_00622_1": 0.0, "18_RB._receipt_00622_1": 0.0, "19_AI-AI_receipt_00622_1": 0.2, "20_CHOCO_receipt_00622_1": 0.8, "21_1_receipt_00622_1": 1.0, "22_8,000_receipt_00622_1": 0.0, "23_DN._receipt_00622_1": 0.0, "24_LONG_receipt_00622_1": 0.0, "25_JOHN_receipt_00622_1": 0.0, "26_1_receipt_00622_1": 1.0, "0_INVOICE_X51005268408_0": 0.0, "1_NO_X51005268408_0": 1.0, "2_:_X51005268408_0": 1.0, "3_GST_X51005268408_0": 1.0, "4_ID._X51005268408_0": 0.6666666666666666, "5_:_X51005268408_0": 1.0, "6_NO_X51005268408_0": 1.0, "7_000181747712_X51005268408_0": 0.16666666666666666, "8_1413-SETIA_X51005268408_0": 0.5, "9_ALAM_X51005268408_0": 0.25, "10_2_X51005268408_0": 1.0, "11_KLANG,_X51005268408_0": 0.0, "12_41150_X51005268408_0": 0.2, "13_SELANGOR_X51005268408_0": 0.0, "14_TAMAN_X51005268408_0": 0.4, "15_BERKELEY_X51005268408_0": 0.0, "16_2811,_X51005268408_0": 0.2, "17_P.T._X51005268408_0": 0.5, "18_ANGSA,_X51005268408_0": 0.0, "19_LOT_X51005268408_0": 1.0, "20_JALAN_X51005268408_0": 0.4, "21_SPEED_X51005268408_0": 0.0, "22_MART_X51005268408_0": 0.25, "23_S/B_X51005268408_0": 0.6666666666666666, "24_(519537-X)_X51005268408_0": 0.2, "25_99_X51005268408_0": 0.0, "0_24/06/2017_813_0": 0.0, "1_10:37_813_0": 0.0, "2_Tel_813_0": 0.6666666666666666, "3_0299419225_813_0": 0.1, "4_35000_813_0": 0.0, "5_RENNES_813_0": 0.0, "6_AVENUE_813_0": 0.0, "7_DU_813_0": 1.0, "8_CANADA_813_0": 0.0, "9_CC_813_0": 1.0, "10_CARREFOUR_813_0": 0.0, "11_RENNES_813_0": 0.0, "12_ALMA_813_0": 0.0, "0_CHANGED_receipt_00523_1": 0.14285714285714285, "1_50.000_receipt_00523_1": 0.0, "2_CASH_receipt_00523_1": 0.0, "3_100.000_receipt_00523_1": 0.0, "4_TOTAL_receipt_00523_1": 0.0, "5_1_receipt_00523_1": 1.0, "6_Caramel_receipt_00523_1": 0.2857142857142857, "7_Medium_receipt_00523_1": 0.0, "8_50.000_receipt_00523_1": 0.0, "0_QTE_500_0": 0.0, "1_DESCRIPTION_500_0": 0.0, "2_MONTANT_500_0": 0.2857142857142857, "3_Aytre._500_0": 0.3333333333333333, "4_Gargot_500_0": 0.0, "5_Rue_500_0": 0.0, "6_Nicolas_500_0": 0.0, "7_17440_500_0": 0.0, "8_Dimanche_500_0": 0.0, "9_9h_500_0": 0.0, "10_a_500_0": 0.0, "11_12h30_500_0": 0.0, "12_Lundi_500_0": 0.0, "13_au_500_0": 0.0, "14_Samedi_500_0": 0.16666666666666666, "15_de_500_0": 0.0, "16_9h_500_0": 0.5, "17_a_500_0": 1.0, "18_20h00_500_0": 0.0, "19_Tel_500_0": 0.0, "20_0546457320_500_0": 0.0, "21_Carrefour_500_0": 0.0, "22_market_500_0": 0.0, "23_AYTRE_500_0": 0.0, "0_0_receipt_00315_1": 0.0, "1_12,000_receipt_00315_1": 0.0, "2_CASH_receipt_00315_1": 0.0, "0_ _receipt_00047_0": 7.0, "0_QTE_141_0": 0.3333333333333333, "1_MONTANT_141_0": 0.14285714285714285, "2_DESCRIPTION_141_0": 0.0, "3_:_141_0": 1.0, "4_Tel_141_0": 0.0, "5_ROCHELLE_141_0": 0.0, "6_17000_141_0": 0.0, "7_LA_141_0": 0.0, "8_SCIERIE_141_0": 0.0, "9_RUE_141_0": 0.0, "10_DE_141_0": 0.0, "11_LA_141_0": 0.5, "12_33_141_0": 1.0, "0_PB1_receipt_00417_1": 0.0, "1_0_receipt_00417_1": 2.0, "2_Charge_receipt_00417_1": 0.0, "3_Service_receipt_00417_1": 0.0, "4_0_receipt_00417_1": 2.0, "5_TOTAL_receipt_00417_1": 0.0, "6_95.000_receipt_00417_1": 0.0, "7_SUB_receipt_00417_1": 0.0, "8_Kopi_receipt_00417_1": 0.0, "9_Pandan_receipt_00417_1": 0.0, "10_Es_receipt_00417_1": 1.0, "11_Susu_receipt_00417_1": 0.0, "12_35.000_receipt_00417_1": 0.16666666666666666, "13_1_receipt_00417_1": 1.0, "0_DESCRIPTION_571_0": 0.0, "1_QTE_571_0": 0.3333333333333333, "2_MONTANT_571_0": 0.14285714285714285, "3_Bienvenue_571_0": 0.0, "4_chez_571_0": 0.0, "5_Carrefour_571_0": 0.0, "6_Market_571_0": 0.0, "7_Dimanche_571_0": 0.0, "8_9H00_571_0": 0.75, "9_a_571_0": 0.0, "10_12H30_571_0": 0.0, "11_Lundi_571_0": 0.0, "12_au_571_0": 0.0, "13_Samedi_571_0": 0.0, "14_de_571_0": 0.0, "15_8H30_571_0": 0.0, "16_a_571_0": 0.0, "17_19H30_571_0": 0.0, "18_:_571_0": 1.0, "19_Tel_571_0": 0.0, "20_04_571_0": 0.0, "21_66_571_0": 0.5, "22_88_571_0": 0.5, "23_98_571_0": 0.0, "24_98_571_0": 0.0, "25_VAUVERT_571_0": 0.0, "0_DESCRIPTION_202_0": 0.0, "1_QTE_202_0": 0.3333333333333333, "2_MONTANT_202_0": 0.14285714285714285, "3_:_202_0": 1.0, "4_Tel_202_0": 0.0, "5_17000_202_0": 0.0, "6_LA_202_0": 0.5, "7_ROCHELLE_202_0": 0.0, "8_PLACE_202_0": 0.0, "9_MOTTE_202_0": 0.0, "10_CDT_202_0": 1.0, "11_ROUGE_202_0": 0.0, "12_SARL_202_0": 0.0, "13_MONTER_202_0": 0.0, "14_DISTRIBUTION_202_0": 0.08333333333333333, "0_111,000_receipt_00635_1": 0.14285714285714285, "1_CREDIT_receipt_00635_1": 0.0, "2_TOTAL_receipt_00635_1": 0.0, "3_12,000_receipt_00635_1": 0.16666666666666666, "4_ORIGINAL_receipt_00635_1": 0.0, "5_14,000_receipt_00635_1": 0.16666666666666666, "6_TIRAMISU_receipt_00635_1": 0.0, "7_CIN_receipt_00635_1": 0.0, "8_15,000_receipt_00635_1": 0.16666666666666666, "9_HAZELNUT_receipt_00635_1": 0.0, "10_20,000_receipt_00635_1": 0.0, "11_RED_receipt_00635_1": 0.0, "12_VELVET_receipt_00635_1": 0.0, "13_10,000_receipt_00635_1": 0.16666666666666666, "14_2X_receipt_00635_1": 0.0, "15_12,000_receipt_00635_1": 0.0, "16_CHO_receipt_00635_1": 0.0, "17_CAKE_receipt_00635_1": 0.0, "18_SMA_receipt_00635_1": 0.0, "0_Especes_691_1": 0.0, "1_72,00_691_1": 0.2, "2_\u20ac_691_1": 0.0, "3_\u20ac_691_1": 1.0, "4_12,95_691_1": 0.0, "5_poulet_691_1": 0.0, "6_\u20ac_691_1": 0.0, "7_Filet_691_1": 0.0, "8_1k_691_1": 0.0, "9_2,45_691_1": 0.0, "10_*Riz_691_1": 0.25, "11_leg_691_1": 0.0, "12_\u20ac_691_1": 0.0, "13_basma_691_1": 0.0, "14_2,70_691_1": 0.0, "15_*Riz_691_1": 0.25, "16_italienne_691_1": 0.0, "17_\u20ac_691_1": 0.0, "18_2,00_691_1": 0.25, "19_cury_691_1": 0.0, "20_*Poulet_691_1": 0.0, "21_FE_691_1": 0.0, "22_\u20ac_691_1": 1.0, "23_*Trio_691_1": 0.0, "24_2,90_691_1": 0.25, "25_camar_691_1": 0.0, "26_\u20ac_691_1": 0.0, "27_riz_691_1": 0.0, "28_6,95_691_1": 0.25, "29_F._691_1": 0.5, "30_400g_691_1": 0.0, "31_\u20ac_691_1": 0.0, "32_merlu_691_1": 0.0, "33_1,80_691_1": 0.25, "34_*Poulet/pate_691_1": 0.25, "35_FE_691_1": 0.0, "36_\u20ac_691_1": 0.0, "37_2,00_691_1": 0.25, "38_\u20ac_691_1": 0.0, "39_*Tartiflette_691_1": 0.16666666666666666, "40_FE_691_1": 0.0, "41_2,00_691_1": 0.25, "42_\u20ac_691_1": 0.0, "43_*Chili_691_1": 0.0, "44_Carne_691_1": 0.0, "45_FE_691_1": 0.0, "46_2,50_691_1": 0.25, "47_*Parm.poulet_691_1": 0.08333333333333333, "48_FE_691_1": 0.0, "49_\u20ac_691_1": 0.0, "0_Kroket_receipt_00575_0": 0.0, "1_15x_receipt_00575_0": 0.0, "2_12.000_receipt_00575_0": 0.0, "3_180.000_receipt_00575_0": 0.0, "4_Pastel_receipt_00575_0": 0.0, "0_REMERCIE_580_3": 0.0, "1_DE_580_3": 0.0, "2_VOTRE_580_3": 0.0, "3_VISITE_580_3": 0.0, "4_VOUS_580_3": 0.75, "5_L'EQUIPE_580_3": 0.0, "6_TOUTE_580_3": 0.0, "7_DE_580_3": 0.0, "8_MARKET_580_3": 0.0, "9_007_580_3": 0.0, "10_000098_580_3": 0.0, "11_04/02/2017_580_3": 0.0, "12_0116_580_3": 0.0, "13_13:55:54_580_3": 0.0, "14_Eligibles_580_3": 0.0, "15_(*)_580_3": 0.0, "16_Articles_580_3": 0.0, "17_17.08\u20ac_580_3": 0.3333333333333333, "18_aux_580_3": 0.0, "19_TR_580_3": 0.0, "20_Carte_580_3": 0.0, "21_:_580_3": 1.0, "0_-9.00\u20ac_578_1": 0.3333333333333333, "1_AVANTAGES_578_1": 0.2222222222222222, "2_DU_578_1": 1.0, "3_JOUR_578_1": 0.0, "4_TOTAL_578_1": 0.0, "5_DES_578_1": 0.0, "6_Reference_578_1": 0.0, "7_EUR_578_1": 0.0, "8_-9.00\u20ac_578_1": 0.5, "9_Titre_578_1": 0.0, "10_RST_578_1": 0.0, "11_6_578_1": 0.0, "12_ARTICLE(S)_578_1": 0.0, "13_13.51\u20ac_578_1": 0.3333333333333333, "14_TOTAL_578_1": 0.0, "15_AVANT_578_1": 0.0, "16_RENISES_578_1": 0.14285714285714285, "17_ALIMENTAIRE_578_1": 0.09090909090909091, "18_13.51\u20ac_578_1": 0.3333333333333333, "19_TOTAL_578_1": 0.0, "20_COQUILL_578_1": 0.5714285714285714, "21_HADELEINES_578_1": 0.0, "22_2.60\u20ac_578_1": 0.4, "23_3.21\u20ac_578_1": 0.4, "24_CHEVRE_578_1": 0.16666666666666666, "25_*BUCHE_578_1": 0.16666666666666666, "26_DE_578_1": 0.0, "27_0.55\u20ac_578_1": 0.4, "28_250_578_1": 0.0, "29_*BAGUETTE_578_1": 0.0, "30_3.57\u20ac_578_1": 0.4, "31_MILL_578_1": 0.25, "32_75_578_1": 1.5, "33_IGP_578_1": 1.0, "34_OC_578_1": 1.0, "35_RGE_578_1": 0.0, "36_1.78\u20ac_578_1": 0.4, "37_CROISSANTS_578_1": 0.0, "38_CR_578_1": 0.0, "39_400G_578_1": 0.25, "40_1.80\u20ac_578_1": 0.4, "41_CABECOU_578_1": 0.0, "42_*3X35G_578_1": 0.5, "0_CONSERVER_620_3": 0.0, "1_TICKET_620_3": 0.0, "2_A_620_3": 0.0, "3_BIENTOT_620_3": 0.0, "4_A_620_3": 1.0, "5_VISITE_620_3": 0.0, "6_HERCI_620_3": 0.2, "7_DE_620_3": 0.5, "8_VOTRE_620_3": 0.0, "9_241501_620_3": 0.0, "10_13/04/17_620_3": 0.0, "11_16:19_620_3": 0.0, "12_11_620_3": 1.0, "13_302_620_3": 0.0, "14_AC_620_3": 1.0, "15_Operateur_620_3": 0.0, "16_Date_620_3": 0.0, "17_Heure_620_3": 0.0, "18_TPV_620_3": 0.6666666666666666, "19_Ticket_620_3": 0.0, "0_Tel_398_0": 0.0, "1_17000_398_0": 0.0, "2_LA_398_0": 0.0, "3_ROCHELLE_398_0": 0.0, "4_SCIERIE_398_0": 0.0, "5_33_398_0": 0.0, "6_RUE_398_0": 0.0, "7_DE_398_0": 0.0, "8_LA_398_0": 0.5, "9_CRF-CITY_398_0": 0.125, "10_LA_398_0": 0.0, "11_ROCHELLE_398_0": 0.0, "0_BCA_receipt_00111_1": 0.0, "0_GRAND_receipt_00204_0": 0.2, "1_17,000_receipt_00204_0": 0.16666666666666666, "2_TOTAL_receipt_00204_0": 0.0, "3_TOTAL_receipt_00204_0": 0.0, "4_SUB_receipt_00204_0": 0.0, "5_17,000_receipt_00204_0": 0.16666666666666666, "6_1_receipt_00204_0": 1.0, "7_17,000_receipt_00204_0": 0.0, "8_17,000_receipt_00204_0": 0.3333333333333333, "9_CINNAMON_receipt_00204_0": 0.0, "10_SUGAR_receipt_00204_0": 0.0, "0_CASH_receipt_00195_1": 0.25, "1_52,000_receipt_00195_1": 0.0, "0_CHANGE_receipt_00333_1": 0.0, "1_46,000_receipt_00333_1": 0.0, "2_CASH_receipt_00333_1": 0.0, "3_100,000_receipt_00333_1": 0.0, "4_TOTAL_receipt_00333_1": 0.0, "5_TMP_receipt_00333_1": 0.6666666666666666, "6_KpK_receipt_00333_1": 0.0, "7_54,000_receipt_00333_1": 0.0, "8_3_receipt_00333_1": 0.0, "9_18,000_receipt_00333_1": 0.16666666666666666, "0_CASH_receipt_00537_1": 0.0, "1_20,000_receipt_00537_1": 0.0, "2_TOTAL_receipt_00537_1": 0.0, "3_KOPI_receipt_00537_1": 0.5, "4_1_receipt_00537_1": 1.0, "5_CAM_receipt_00537_1": 0.0, "6_20,000_receipt_00537_1": 0.16666666666666666, "0_:_98_0": 2.0, "1_Tel_98_0": 0.0, "2_17000_98_0": 0.0, "3_LA_98_0": 0.0, "4_ROCHELLE_98_0": 0.0, "5_33_98_0": 0.0, "6_RUE_98_0": 0.0, "7_DE_98_0": 0.0, "8_LA_98_0": 0.5, "9_SCIERIE_98_0": 0.0, "10_CRF-CITY_98_0": 0.0, "11_LA_98_0": 0.0, "12_ROCHELLE_98_0": 0.0, "0_QTE_276_0": 1.3333333333333333, "1_DESCRIPTION_276_0": 0.0, "2_MONTANT_276_0": 0.2857142857142857, "3_:_276_0": 1.0, "4_Tel_276_0": 0.0, "5_17000_276_0": 0.0, "6_LA_276_0": 0.0, "7_ROCHELLE_276_0": 0.0, "8_RUE_276_0": 0.0, "9_33_276_0": 0.0, "10_DE_276_0": 0.0, "11_LA_276_0": 0.0, "12_SCIERIE_276_0": 0.14285714285714285, "13_CRF-CITY_276_0": 0.0, "14_LA_276_0": 0.0, "15_ROCHELLE_276_0": 0.0, "0_ _receipt_00415_0": 2.0, "0_ _receipt_00517_1": 4.0, "0_:_553_0": 1.0, "1_Tel_553_0": 0.0, "2_ORLEANS_553_0": 0.0, "3_45000_553_0": 0.0, "4_1,_553_0": 1.0, "5_RUE_553_0": 0.0, "6_DU_553_0": 0.5, "7_GRENIER_553_0": 0.0, "8_A_553_0": 0.0, "9_SEL_553_0": 0.0, "10_CARREFOUR_553_0": 0.0, "11_CITY_553_0": 0.0, "12_ORLEANS_553_0": 0.0, "0_Votre_526_1": 0.0, "1_Monnaie_526_1": 0.0, "2_-5.07\u20ac_526_1": 0.3333333333333333, "3_ESPECES_526_1": 0.0, "4_EUR_526_1": 0.0, "5_10.80\u20ac_526_1": 0.3333333333333333, "6_(S)_526_1": 0.6666666666666666, "7_3_526_1": 0.0, "8_ARTICLE_526_1": 0.0, "9_TOTAL_526_1": 0.0, "10_A_526_1": 0.0, "11_PAYER_526_1": 0.0, "12_5.73\u20ac_526_1": 0.4, "13_*POULET_526_1": 0.14285714285714285, "14_CHAMP_526_1": 0.2, "15_NOIR_526_1": 0.0, "16_3.65\u20ac_526_1": 0.4, "17_0.164kg_526_1": 0.14285714285714285, "18_2.95\u20ac/kg_526_1": 0.125, "19_x_526_1": 0.0, "20_*F_526_1": 1.0, "21_POMME_526_1": 0.4, "22_ROYAL_526_1": 0.0, "23_GALA_526_1": 0.25, "24_0.48\u20ac_526_1": 0.4, "25_*200G_526_1": 0.2, "26_CAROTTE_526_1": 0.0, "27_BI_526_1": 0.5, "28_RAPE_526_1": 0.0, "29_1.60\u20ac_526_1": 0.4, "30_DESCRIPTION_526_1": 0.0, "31_QTE_526_1": 0.0, "32_MONTANT_526_1": 0.14285714285714285, "0_A_677_2": 0.0, "1_bientot!_677_2": 0.0, "2_visite,_677_2": 0.0, "3_de_677_2": 0.0, "4_votre_677_2": 0.0, "5_Merci_677_2": 0.0, "6_54.60_677_2": 0.2, "7_A_677_2": 1.0, "8_payer_677_2": 0.4, "0_31,000_receipt_00645_1": 0.16666666666666666, "1_CHANGE:_receipt_00645_1": 0.2857142857142857, "2_100,000_receipt_00645_1": 0.14285714285714285, "3_Cash:_receipt_00645_1": 0.0, "4_69,000_receipt_00645_1": 0.0, "5_Total:_receipt_00645_1": 0.0, "6_62,727_receipt_00645_1": 0.16666666666666666, "7_Subtotal:_receipt_00645_1": 0.1111111111111111, "8_6,272_receipt_00645_1": 0.4, "9_PB1:_receipt_00645_1": 0.25, "0_DESCRIPTION_152_0": 0.0, "1_QTE_152_0": 0.0, "2_WONTANT_152_0": 0.42857142857142855, "3_Tel_152_0": 0.0, "4_17000_152_0": 0.0, "5_LA_152_0": 0.0, "6_ROCHELLE_152_0": 0.0, "7_33_152_0": 0.0, "8_RUE_152_0": 0.0, "9_DE_152_0": 0.5, "10_LA_152_0": 0.0, "11_SCIERIE_152_0": 0.14285714285714285, "12_CRF-CITY_152_0": 0.0, "13_LA_152_0": 0.0, "14_ROCHELLE_152_0": 0.0, "0_repris_515_1": 0.0, "1_echange_515_1": 0.0, "2_Solde_515_1": 0.0, "3_ni_515_1": 0.0, "4_ni_515_1": 0.0, "5_0113_515_1": 0.0, "6_011_515_1": 1.0, "7_01/03/2017_515_1": 0.0, "8_000073_515_1": 0.0, "9_11:45:33_515_1": 0.0, "10_Votre_515_1": 0.0, "11_Monnaie_515_1": 0.0, "12_-5.31\u20ac_515_1": 0.3333333333333333, "13_ESPECES_515_1": 0.0, "14_EUR_515_1": 0.0, "15_5.00\u20ac_515_1": 0.4, "16_4_515_1": 0.0, "17_ARTICLE(S)_515_1": 0.0, "18_TOTAL_515_1": 0.0, "19_A_515_1": 0.0, "20_PAYER_515_1": 0.0, "21_4.69\u20ac_515_1": 0.4, "22_ALIMENTAIRE_515_1": 0.2727272727272727, "23_TOTAL_515_1": 0.0, "24_4.69\u20ac_515_1": 0.4, "25_SEL_515_1": 0.0, "26_FIN_515_1": 0.0, "27_IODE_515_1": 0.5, "28_0.51\u20ac_515_1": 0.4, "29_*CHAMPIGNON_515_1": 0.45454545454545453, "30_250GR_515_1": 0.4, "31_0.99\u20ac_515_1": 0.4, "32_*BANANES_515_1": 0.0, "33_1.30\u20ac_515_1": 0.4, "34_200ML_515_1": 0.2, "35_EAU_515_1": 0.0, "36_1.89\u20ac_515_1": 0.4, "37_FL.ORANG_515_1": 0.125, "0_Less_receipt_00577_0": 0.0, "1_Ice_receipt_00577_0": 0.3333333333333333, "2_@20,000_receipt_00577_0": 0.14285714285714285, "3_S-Chocolate_receipt_00577_0": 0.0, "4_Milk_receipt_00577_0": 0.0, "5_20,000_receipt_00577_0": 0.0, "6_1X_receipt_00577_0": 0.5, "0_SVC_receipt_00001_1": 1.0, "1_CHRG_receipt_00001_1": 0.5, "2_PB1_receipt_00001_1": 0.0, "3_52,815_receipt_00001_1": 0.16666666666666666, "4_SUBTOTAL_receipt_00001_1": 0.25, "5_503,000_receipt_00001_1": 0.0, "6_1_receipt_00001_1": 1.0, "7_NUTTELA_receipt_00001_1": 0.14285714285714285, "8_BROWNIES_receipt_00001_1": 0.125, "9_35,000_receipt_00001_1": 0.0, "10_1_receipt_00001_1": 3.0, "11_FUSION_receipt_00001_1": 0.16666666666666666, "12_TEA_receipt_00001_1": 0.3333333333333333, "13_LYCHE_receipt_00001_1": 0.4, "14_28,000_receipt_00001_1": 0.16666666666666666, "15_1_receipt_00001_1": 3.0, "16_ICED_receipt_00001_1": 0.25, "17_LEMON_receipt_00001_1": 0.8, "18_22,000_receipt_00001_1": 0.16666666666666666, "19_TEA_receipt_00001_1": 0.0, "20_MEDIUM_receipt_00001_1": 0.16666666666666666, "21_WELL_receipt_00001_1": 0.0, "0_CHOCOLAT_705_0": 0.0, "1_NOIR_705_0": 0.0, "2_PEPITES_705_0": 0.0, "3_1_705_0": 2.0, "4_5,60\u20ac_705_0": 0.6, "5_5,60_705_0": 0.25, "6_X_705_0": 0.0, "7_PERCARBONATE_705_0": 0.0, "8_SOUDE_705_0": 0.0, "9_1KG_705_0": 0.0, "10_4,10\u20ac_705_0": 0.4, "11_4,10_705_0": 0.0, "12_1_705_0": 0.0, "13_X_705_0": 0.0, "14_BICARBONATE_705_0": 0.0, "15_DE_705_0": 0.0, "16_SOUDE_705_0": 0.0, "17_KG_705_0": 0.0, "18_1_705_0": 2.0, "19_5,25_705_0": 0.5, "20_5,25\u20ac_705_0": 0.4, "21_GLUTEN_705_0": 0.0, "22_SPAGHETTI._705_0": 0.1, "23_RIZ_705_0": 0.0, "24_Vendeur_705_0": 0.0, "25_MICKAEL_705_0": 0.0, "26_DESIGNATION_705_0": 0.0, "27_MONTANT_705_0": 0.0, "28_\u20ac_705_0": 0.0, "29_MARDI_705_0": 0.0, "30_AU_705_0": 0.5, "31_SAMEDI_705_0": 0.16666666666666666, "32_9H00-19H00_705_0": 0.3, "33_LUNDI_705_0": 0.0, "34_DE_705_0": 0.0, "35_14H00_705_0": 0.0, "36_19H00_705_0": 0.2, "0_A_399_3": 0.0, "1_BIENTOT_399_3": 0.0, "2_MERCI_399_3": 0.0, "3_DE_399_3": 0.0, "4_VOTRE_399_3": 0.0, "5_VISITE_399_3": 0.0, "0_Merci_189_1": 0.0, "1_visite_189_1": 0.0, "2_de_189_1": 0.0, "3_votre_189_1": 0.0, "4_004_189_1": 0.0, "5_0016_189_1": 0.0, "6_19/12/2016_189_1": 0.0, "7_000499_189_1": 0.16666666666666666, "8_20:15:09_189_1": 0.25, "9_Votre_189_1": 0.0, "10_Monnaie_189_1": 0.0, "11_-15.37\u20ac_189_1": 0.2857142857142857, "12_ESPECES_189_1": 0.0, "13_EUR_189_1": 0.0, "14_20.00\u20ac_189_1": 0.3333333333333333, "15_ARTICLE_189_1": 0.0, "16_(S)_189_1": 1.0, "17_2_189_1": 0.0, "18_TOTAL_189_1": 0.0, "19_A_189_1": 0.0, "20_PAYER_189_1": 0.0, "21_4.63\u20ac_189_1": 0.4, "22_*CRTE_189_1": 0.0, "23_PURON_189_1": 0.0, "24_COR_189_1": 0.0, "25_1L_189_1": 1.0, "26_3.84\u20ac_189_1": 0.4, "27_*BAGUETTE_189_1": 0.0, "28_250G_189_1": 0.25, "29_0.79\u20ac_189_1": 0.4, "30_DESCRIPTION_189_1": 0.0, "31_QTE_189_1": 0.6666666666666666, "32_MONTANT_189_1": 0.14285714285714285, "0_Rendez-vous_764_1": 0.0, "1_sur_764_1": 0.0, "2_surprises,_764_1": 0.0, "3_actualites,_764_1": 0.0, "4_idees_764_1": 0.0, "5_recettes._764_1": 0.0, "6_et_764_1": 0.0, "7_recevez_764_1": 0.0, "8_reductions,_764_1": 0.09090909090909091, "9_:_764_1": 1.0, "10_-_764_1": 1.0, "11_PROGRAMME_764_1": 0.0, "12_DE_764_1": 0.0, "13_FIDELITE_764_1": 0.0, "14_12.01.17_764_1": 0.0, "15_2_764_1": 0.0, "16_17:37_764_1": 0.4, "17_353486_764_1": 0.0, "18_CCHA_764_1": 0.0, "19_Empl._764_1": 0.2, "20_Caisse_764_1": 0.0, "21_Heure_764_1": 0.0, "22_Date_764_1": 0.0, "23_Ticket_764_1": 0.0, "24_V1_764_1": 1.0, "25_5,5_764_1": 1.0, "26_15,13_764_1": 0.2, "27_0,83_764_1": 0.25, "28_15,96_764_1": 0.0, "29_%_764_1": 1.0, "30_Mt_764_1": 0.0, "31_HT_764_1": 0.0, "32_Mt_764_1": 0.0, "33_TVA_764_1": 0.0, "34_Mt_764_1": 0.0, "35_TTC_764_1": 0.0, "36_Rendu_764_1": 0.0, "37_Especes_764_1": 0.0, "38_4,04_764_1": 0.0, "39_\u20ac_764_1": 0.0, "40_Especes_764_1": 0.0, "41_20,00_764_1": 0.0, "42_\u20ac_764_1": 1.0, "0_0.195_670_1": 0.4, "1_N_670_1": 1.0, "2_3.20_670_1": 1.0, "3_P.275_670_1": 0.8, "4_PT_670_1": 0.0, "5_RADIS_670_1": 0.0, "6_NOIR_670_1": 0.25, "7_3.510_670_1": 1.4, "8_N_670_1": 1.0, "9_2.90_670_1": 1.0, "10_1._670_1": 1.0, "11_8.275_670_1": 0.0, "12_PT_670_1": 0.0, "13_CUITE_670_1": 0.0, "14_1.090_670_1": 1.0, "15_N_670_1": 1.0, "16_3.14_670_1": 1.0, "17_3.30_670_1": 0.75, "18_8.075_670_1": 1.0, "19_PT_670_1": 0.0, "20_Pu.REAU_670_1": 0.5714285714285714, "21_\u20ac/kg_670_1": 0.75, "0_Vignette(s)_572_3": 0.0, "1_par_572_3": 0.0, "2_operation_572_3": 0.0, "3_Bravo_572_3": 0.2, "4_vous_572_3": 0.0, "5_avez_572_3": 0.0, "6_cumule_572_3": 0.0, "7_1.0_572_3": 0.0, "8_VOUS_572_3": 0.75, "9_REMERCIE_572_3": 0.0, "10_DE_572_3": 0.0, "11_VOTRE_572_3": 0.0, "12_VISITE_572_3": 0.0, "13_TOUTE_572_3": 0.0, "14_L'EQUIPE_572_3": 0.25, "15_DE_572_3": 0.0, "16_MARKET_572_3": 0.0, "17_0113_572_3": 1.0, "18_009_572_3": 0.3333333333333333, "19_000208_572_3": 0.0, "20_28/02/2017_572_3": 0.0, "21_18:45:47_572_3": 0.0, "22_(*)_572_3": 1.3333333333333333, "23_Eligibles_572_3": 0.0, "24_Articles_572_3": 0.0, "25_aux_572_3": 0.0, "26_TR_572_3": 0.0, "27_9.44\u20ac_572_3": 0.4, "0_CHANGED_receipt_00483_1": 0.14285714285714285, "1_5.000_receipt_00483_1": 0.0, "2_CASH_receipt_00483_1": 1.25, "3_30.000_receipt_00483_1": 0.16666666666666666, "4_TOTAL_receipt_00483_1": 0.2, "5_1_receipt_00483_1": 1.0, "6_Lemon_receipt_00483_1": 0.2, "7_Tea_receipt_00483_1": 0.3333333333333333, "8_(L)_receipt_00483_1": 1.0, "9_25.000_receipt_00483_1": 0.0, "0_VISITE_745_2": 0.0, "1_VOTRE_745_2": 0.0, "2_MERCI_745_2": 0.0, "3_DE_745_2": 0.0, "4_-_745_2": 1.0, "5_Prix_745_2": 0.0, "6_nets_745_2": 0.0, "7_-_745_2": 1.0, "0_Votre_36_1": 0.0, "1_Monnaie_36_1": 0.0, "2_-2.55\u20ac_36_1": 0.3333333333333333, "3_ESPECES_36_1": 0.0, "4_EUR_36_1": 0.0, "5_10.00\u20ac_36_1": 0.3333333333333333, "6_(S)_36_1": 0.6666666666666666, "7_3_36_1": 1.0, "8_ARTICLE_36_1": 0.0, "9_TOTAL_36_1": 0.0, "10_A_36_1": 0.0, "11_PAYER_36_1": 0.0, "12_7.45\u20ac_36_1": 0.4, "13_*SDU_36_1": 0.0, "14_GOURM_36_1": 0.2, "15_CLUB_36_1": 0.25, "16_PLT_36_1": 0.3333333333333333, "17_2.59\u20ac_36_1": 0.4, "18_*FOUGASSETTE_36_1": 0.16666666666666666, "19_CHEURE_36_1": 0.0, "20_2.50\u20ac_36_1": 0.4, "21_*2856_36_1": 0.2, "22_BROWNIES_36_1": 0.125, "23_PEPI_36_1": 0.5, "24_2.36\u20ac_36_1": 0.4, "25_DESCRIPTION_36_1": 0.0, "26_QTE_36_1": 1.0, "27_MOKTANT_36_1": 0.2857142857142857, "0_:_177_0": 1.0, "1_Tel_177_0": 0.0, "2_ROCHELLE_177_0": 0.0, "3_17000_177_0": 0.0, "4_LA_177_0": 0.0, "5_NORMANDIN_177_0": 0.0, "6_EMILE_177_0": 0.0, "7_170_177_0": 0.0, "8_AV_177_0": 1.0, "9_ROCHELLE_177_0": 0.0, "10_CONTACT_177_0": 0.0, "11_LA_177_0": 0.0, "0_Kembali:_receipt_00141_1": 0.25, "1_0,00_receipt_00141_1": 0.5, "2_Bayar:_receipt_00141_1": 0.0, "3_130.000,00_receipt_00141_1": 0.0, "4_Total:_receipt_00141_1": 0.0, "5_130.000,00_receipt_00141_1": 0.1, "6_1,000_receipt_00141_1": 0.0, "7_130.000,00_receipt_00141_1": 0.0, "8_130.000,00_receipt_00141_1": 0.0, "9_C_receipt_00141_1": 1.0, "10_0613800221_receipt_00141_1": 0.1, "11_HOME_receipt_00141_1": 0.75, "12_CHARGER+KABEL_receipt_00141_1": 0.07692307692307693, "13_138_receipt_00141_1": 0.6666666666666666, "14_IP5_receipt_00141_1": 1.0, "15_TS_receipt_00141_1": 1.0, "0_26,000_receipt_00189_1": 0.0, "1_CASH_receipt_00189_1": 1.0, "2_50,000_receipt_00189_1": 0.0, "3_TOTAL_receipt_00189_1": 0.0, "4_1_receipt_00189_1": 0.0, "5_PREMIUM_receipt_00189_1": 0.0, "6_TOAST_receipt_00189_1": 0.0, "7_PAN_receipt_00189_1": 0.0, "8_BREAD_receipt_00189_1": 0.0, "9_24,000_receipt_00189_1": 0.0, "0_PCS_receipt_00554_1": 1.0, "1_1_receipt_00554_1": 2.0, "2_ITEM_receipt_00554_1": 0.0, "3_1_receipt_00554_1": 1.0, "4_QTY_receipt_00554_1": 1.0, "5_TOTAL_receipt_00554_1": 0.6, "6_CHANGE_receipt_00554_1": 0.3333333333333333, "7_50,000_receipt_00554_1": 0.3333333333333333, "8_CASH_receipt_00554_1": 1.25, "9_O_receipt_00554_1": 1.0, "10_ROUNDING_receipt_00554_1": 0.125, "11_20,000_receipt_00554_1": 1.0, "12_DUE_receipt_00554_1": 0.0, "13_20,000_receipt_00554_1": 0.16666666666666666, "14_SUBTQTAL_receipt_00554_1": 0.5, "15_20,000_receipt_00554_1": 0.16666666666666666, "16_Toast_receipt_00554_1": 0.2, "17_White_receipt_00554_1": 0.4, "18_1_receipt_00554_1": 1.0, "0_A_97_1": 0.0, "1_BIENTOT_97_1": 0.0, "2_MERCI_97_1": 0.0, "3_DE_97_1": 0.0, "4_VOTRE_97_1": 0.0, "5_VISITE_97_1": 0.0, "6_002_97_1": 0.0, "7_24/01/2017_97_1": 0.0, "8_0005_97_1": 0.25, "9_000412_97_1": 0.0, "10_19:16:00_97_1": 0.0, "11_2.54\u20ac_97_1": 0.4, "12_CB_97_1": 0.0, "13_EMV_97_1": 0.3333333333333333, "14_SANS_97_1": 0.0, "15_CONTACT_97_1": 0.0, "16_EUR_97_1": 0.0, "17_(S)_97_1": 0.6666666666666666, "18_2_97_1": 0.0, "19_ARTICLE_97_1": 0.0, "20_TOTAL_97_1": 0.0, "21_A_97_1": 0.0, "22_PAYER_97_1": 0.0, "23_2.54e_97_1": 0.4, "24_*TRIPLE_97_1": 0.2857142857142857, "25_CLUB_97_1": 0.25, "26_POULET_97_1": 0.0, "27_2.04\u20ac_97_1": 0.4, "28_CRISTALINE_97_1": 0.0, "29_*EAU_97_1": 0.5, "30_0.50\u20ac_97_1": 0.4, "0_Items,_receipt_00031_1": 0.3333333333333333, "1_2_receipt_00031_1": 1.0, "2_8,500_receipt_00031_1": 0.0, "3_Kembali_receipt_00031_1": 0.5714285714285714, "4_40,000_receipt_00031_1": 0.16666666666666666, "5_Cash_receipt_00031_1": 0.25, "6_Total_receipt_00031_1": 0.2, "7_2,864_receipt_00031_1": 0.6, "8_P.Rest_receipt_00031_1": 0.5, "9_10_receipt_00031_1": 1.0, "10_%_receipt_00031_1": 1.0, "11_28,636_receipt_00031_1": 0.3333333333333333, "12_Total_receipt_00031_1": 0.8, "13_Sub_receipt_00031_1": 1.0, "0_A_145_2": 0.0, "1_BIENTOT_145_2": 0.0, "2_MERCI_145_2": 0.0, "3_DE_145_2": 0.0, "4_VOTRE_145_2": 0.0, "5_VISITE_145_2": 0.0, "6_0005_145_2": 0.25, "7_003_145_2": 0.3333333333333333, "8_000316_145_2": 0.0, "9_31/12/2015_145_2": 0.1, "10_18:40:01_145_2": 0.0, "11_CARTE_145_2": 0.0, "12_BANCAIRE_145_2": 0.0, "13_EMV_145_2": 0.3333333333333333, "14_EUR_145_2": 0.0, "15_22.03\u20ac_145_2": 0.3333333333333333, "0_0.91_637_1": 0.0, "1_\u20ac_637_1": 1.0, "2_Total_637_1": 0.0, "3_HT_637_1": 0.0, "4_0,05_637_1": 0.25, "5_\u20ac_637_1": 0.0, "6_TVA_637_1": 0.6666666666666666, "7_Total_637_1": 0.0, "8_0,05_637_1": 0.25, "9_5,50_637_1": 0.25, "10_E_637_1": 1.0, "11_TVA_637_1": 1.0, "12_Dont_637_1": 0.0, "13_%:_637_1": 1.0, "14_TOTAL:_637_1": 0.0, "15_0,96_637_1": 0.0, "16_12,00_637_1": 1.8, "17_0,080_637_1": 0.2, "18_AIL_637_1": 0.0, "19_/kg_637_1": 0.0, "20_\u20ac_637_1": 0.0, "21_kg_637_1": 0.5, "0_0,855_760_1": 0.2, "1_3,_760_1": 0.5, "2_20_760_1": 0.0, "3_2,_760_1": 0.5, "4_74_760_1": 0.0, "5_2,50_760_1": 0.0, "6_0,580_760_1": 0.0, "7_1,45_760_1": 0.0, "8_CAROTTE_760_1": 0.0, "9_2,20_760_1": 0.25, "10_3,01_760_1": 0.0, "11_1,370_760_1": 0.2, "12_POMME_760_1": 0.0, "13_TERRE_760_1": 0.0, "14_DE_760_1": 0.0, "15_0,065_760_1": 0.4, "16_9,80_760_1": 0.25, "17_0,64_760_1": 0.0, "18_2,80_760_1": 0.0, "19_2,00_760_1": 0.0, "20_0,715_760_1": 0.2, "21_BANANE_760_1": 0.0, "22_0,435_760_1": 0.4, "23_3,_760_1": 0.5, "24_1,39_760_1": 1.0, "25_20_760_1": 0.0, "26_AIL_760_1": 0.0, "0_33,000_receipt_00061_1": 0.16666666666666666, "1_50,000_receipt_00061_1": 0.16666666666666666, "2_CASHIDR_receipt_00061_1": 0.14285714285714285, "3_17,000_receipt_00061_1": 0.16666666666666666, "4_SUB TOTAL_receipt_00061_1": 0.1111111111111111, "5_17,000_receipt_00061_1": 0.16666666666666666, "0_+M_receipt_00134_0": 1.0, "1_+lce_receipt_00134_0": 0.5, "2_25.000_receipt_00134_0": 0.3333333333333333, "3_Milk_receipt_00134_0": 0.25, "4_Viet_receipt_00134_0": 0.75, "5_Coffee_receipt_00134_0": 0.16666666666666666, "6_1_receipt_00134_0": 1.0, "7_+Ice_receipt_00134_0": 1.0, "8_+L_receipt_00134_0": 1.0, "9_1_receipt_00134_0": 1.0, "10_29.000_receipt_00134_0": 1.0, "11_Viet_receipt_00134_0": 0.75, "12_Milk_receipt_00134_0": 1.0, "13_Coffee_receipt_00134_0": 0.5, "0_107,998_receipt_00290_1": 0.5714285714285714, "1_Grand_receipt_00290_1": 0.8, "2_Total_receipt_00290_1": 0.8, "3_9,818_receipt_00290_1": 1.0, "4_Pajak_receipt_00290_1": 1.0, "5_Resto_receipt_00290_1": 0.4, "6_98,180_receipt_00290_1": 1.0, "7_Total_receipt_00290_1": 0.6, "8_Sub_receipt_00290_1": 1.0, "9_Jumlah_receipt_00290_1": 1.0, "10_2_receipt_00290_1": 1.0, "11_Item_receipt_00290_1": 0.75, "12_98,180_receipt_00290_1": 1.0, "13_49,090_receipt_00290_1": 1.0, "14_2_receipt_00290_1": 1.0, "0_ _receipt_00523_0": 3.0, "0_:_585_0": 1.0, "1_Tel_585_0": 0.0, "2_17000_585_0": 0.0, "3_LA_585_0": 0.0, "4_ROCHELLE_585_0": 0.0, "5_PLACE_585_0": 0.0, "6_MOTTE_585_0": 0.0, "7_ROUGE_585_0": 0.0, "8_CDT_585_0": 1.0, "9_SARL_585_0": 0.0, "10_MONTER_585_0": 0.0, "11_DISTRIBUTION_585_0": 0.0, "0_400G_488_0": 0.25, "1_BOLO_488_0": 0.25, "2_VERDURE_488_0": 0.14285714285714285, "3_2.19\u20ac_488_0": 0.4, "4_BEUR_488_0": 0.0, "5_250G_488_0": 0.25, "6_PL_488_0": 0.0, "7_AOP_488_0": 0.6666666666666666, "8_1.90\u20ac_488_0": 0.6, "9_BADOIT_488_0": 0.16666666666666666, "10_*1L_488_0": 0.6666666666666666, "11_VERTE_488_0": 0.2, "12_0.60\u20ac_488_0": 0.4, "13_16_488_0": 0.5, "14_DOLCE_488_0": 0.0, "15_GUSTO_488_0": 0.0, "16_THE_488_0": 0.0, "17_4.75\u20ac_488_0": 0.4, "18_RONDELE_488_0": 0.0, "19_1.60\u20ac_488_0": 0.4, "20_*1256_488_0": 0.4, "21_NOIX_488_0": 0.5, "22_*1/4_488_0": 0.5, "23_THON_488_0": 0.0, "24_NATREL_488_0": 0.0, "25_1.80\u20ac_488_0": 0.4, "26_PN_488_0": 0.5, "27_*1/3_488_0": 0.75, "28_FIL.MAQUER.MOU_488_0": 0.2857142857142857, "29_2.04\u20ac_488_0": 0.4, "30_DESCRIPTION_488_0": 0.0, "31_MONTANT_488_0": 0.0, "32_Gargot_488_0": 0.0, "33_Aytre._488_0": 0.0, "34_Rue_488_0": 0.0, "35_Nicolas_488_0": 0.0, "36_17440_488_0": 0.0, "37_Dimanche_488_0": 0.0, "38_9h_488_0": 0.5, "39_a_488_0": 0.0, "40_12h30_488_0": 0.0, "41_Lundi_488_0": 0.2, "42_au_488_0": 0.0, "43_Samedi_488_0": 0.0, "44_de_488_0": 0.0, "45_9h_488_0": 0.0, "46_a_488_0": 0.0, "47_20h00_488_0": 0.0, "48_:_488_0": 1.0, "49_0546457320_488_0": 0.0, "50_Tel_488_0": 0.0, "51_AYTRE_488_0": 0.0, "52_market_488_0": 0.0, "53_Carrefour_488_0": 0.0, "0_QTE_329_0": 0.6666666666666666, "1_MONTANT_329_0": 0.14285714285714285, "2_DESCRIPTION_329_0": 0.0, "3_Tel_329_0": 0.0, "4_17000_329_0": 0.0, "5_ROCHELLE_329_0": 0.0, "6_LA_329_0": 0.5, "7_DE_329_0": 0.0, "8_LA_329_0": 0.0, "9_SCIERIE_329_0": 0.0, "10_33_329_0": 1.0, "11_RUE_329_0": 0.0, "12_ROCHELLE_329_0": 0.0, "13_CRF-CITY_329_0": 0.0, "14_LA_329_0": 0.0, "0_CHANGE_receipt_00167_1": 0.5, "1_88,100_receipt_00167_1": 0.3333333333333333, "2_CASH_receipt_00167_1": 0.75, "3_100,700_receipt_00167_1": 0.2857142857142857, "4_TOTAL_receipt_00167_1": 0.8, "5_12,600_receipt_00167_1": 1.0, "6_SUBTOTAL_receipt_00167_1": 0.125, "7_12,600_receipt_00167_1": 0.6666666666666666, "8_PLASTIK_receipt_00167_1": 0.0, "9_25_receipt_00167_1": 1.0, "10_0_receipt_00167_1": 1.0, "11_MIKA_receipt_00167_1": 0.75, "12_KCL_receipt_00167_1": 1.0, "13_0_receipt_00167_1": 1.0, "14_-5,400_receipt_00167_1": 0.8333333333333334, "15_AMOUNT_receipt_00167_1": 0.8333333333333334, "16_30,000%_receipt_00167_1": 1.0, "17_ITEM_receipt_00167_1": 0.5, "18_DISC_receipt_00167_1": 1.0, "19_18,000_receipt_00167_1": 1.0, "20_RISOL_receipt_00167_1": 0.6, "21_ROGUT_receipt_00167_1": 0.8, "22_@9,000_receipt_00167_1": 1.0, "23_2X_receipt_00167_1": 0.5, "0_DESCRIPTION_45_0": 0.0, "1_QTE_45_0": 1.0, "2_MONTANT_45_0": 0.14285714285714285, "3_:_45_0": 1.0, "4_Tel_45_0": 0.0, "5_17000_45_0": 0.2, "6_LA_45_0": 0.0, "7_ROCHELLE_45_0": 0.0, "8_33_45_0": 0.0, "9_RUE_45_0": 0.0, "10_DE_45_0": 0.0, "11_LA_45_0": 0.0, "12_SCIERIE_45_0": 0.0, "13_CRF-CITY_45_0": 0.0, "14_LA_45_0": 0.0, "15_ROCHELLE_45_0": 0.0, "0_ _receipt_00013_0": 2.0, "0_30004_777_2": 0.0, "1_4388392_777_2": 0.0, "2_17LAROCHELLE_777_2": 0.0, "3_H&M230_777_2": 0.0, "4_le_777_2": 0.5, "5_14/01/17_777_2": 0.0, "6_a_777_2": 0.0, "7_13:14:42_777_2": 0.0, "8_CB_777_2": 0.0, "9_BANCAIRE_777_2": 0.0, "10_CARTE_777_2": 0.0, "11_7,00_777_2": 0.25, "12_Recu_777_2": 0.25, "13_BANCAIRE_777_2": 0.0, "14_CARTE_777_2": 0.0, "15_20,_777_2": 0.3333333333333333, "16_Montant_777_2": 0.0, "17_total_777_2": 0.0, "18_de_777_2": 0.0, "19_la_777_2": 0.5, "20_remi_777_2": 0.25, "21_se_777_2": 0.0, "22_97_777_2": 1.0, "23_7,_777_2": 1.0, "24_1,_777_2": 1.0, "25_Total_777_2": 0.0, "26_00_777_2": 1.0, "27_5,_777_2": 1.0, "28_17_777_2": 1.0, "29_83_777_2": 1.0, "30_5,_777_2": 1.0, "31_20,_777_2": 0.3333333333333333, "32_7,_777_2": 1.0, "33_1,_777_2": 1.0, "34_00_777_2": 1.0, "35_17_777_2": 1.0, "36_83_777_2": 0.5, "37_00_777_2": 1.0, "38_TVA%_777_2": 0.0, "39_Total_777_2": 0.0, "40_TVA_777_2": 0.0, "41_Net_777_2": 0.0, "0_1,500_receipt_00437_0": 0.2, "1_1,500_receipt_00437_0": 0.0, "2_1_receipt_00437_0": 2.0, "3_1500_receipt_00437_0": 0.25, "4_KERTAS_receipt_00437_0": 0.16666666666666666, "5_KADO_receipt_00437_0": 0.5, "6_1500_receipt_00437_0": 0.0, "7_254,500_receipt_00437_0": 0.14285714285714285, "8_254,500_receipt_00437_0": 0.0, "9_1_receipt_00437_0": 2.0, "10_4808539_receipt_00437_0": 0.14285714285714285, "11_TALKING_receipt_00437_0": 0.0, "12_ACTIVITY_receipt_00437_0": 0.0, "13_BK_receipt_00437_0": 0.0, "0_07/03/2016_226_3": 0.0, "1_0122_226_3": 0.0, "2_009_226_3": 0.3333333333333333, "3_000094_226_3": 0.0, "4_18:48:04_226_3": 0.0, "5_BANCAIRE_226_3": 0.0, "6_EUR_226_3": 0.0, "7_73.98\u20ac_226_3": 0.3333333333333333, "8_EMV_226_3": 0.0, "9_CARTE_226_3": 0.0, "10_(S)_226_3": 1.0, "11_73.98\u20ac_226_3": 0.3333333333333333, "12_TOTAL_226_3": 0.0, "13_A_226_3": 0.0, "14_PAYER_226_3": 0.0, "15_36_226_3": 0.0, "16_ARTICLE_226_3": 0.0, "17_17.25\u20ac_226_3": 0.3333333333333333, "18_ALINENTAIRE_226_3": 0.0, "19_NON_226_3": 1.0, "20_TOTAL_226_3": 0.2, "21_CLA_226_3": 1.0, "22_8.05\u20ac_226_3": 0.6, "23_PLAT_226_3": 0.0, "24_ROND_226_3": 0.0, "25_4EN1_226_3": 0.25, "26_6.20\u20ac_226_3": 0.4, "27_MANQUE_226_3": 0.16666666666666666, "28_MOULE_226_3": 0.2, "29_3.00\u20ac_226_3": 0.4, "30_CLOCHE_226_3": 0.0, "31_MICRO_226_3": 0.4, "32_ONDES_226_3": 0.0, "33_/_226_3": 1.0, "34_BEAUTE/_226_3": 0.14285714285714285, "35_2.60\u20ac_226_3": 0.4, "36_SANTE_226_3": 0.0, "37_HYGIENE_226_3": 0.0, "38_TOTAL_226_3": 0.0, "39_2.60\u20ac_226_3": 0.4, "40_1.30_226_3": 0.0, "41_MOUCHOIRS_226_3": 0.1111111111111111, "42_2x_226_3": 1.0, "43_BTE_226_3": 0.6666666666666666, "44_90_226_3": 1.0, "0_*CAROTTE_215_1": 0.375, "1_EXTRA_215_1": 0.6, "2_0.11\u20ac_215_1": 0.4, "3_BRIOCHE_215_1": 0.2857142857142857, "4_TRESSEE_215_1": 0.0, "5_1.88\u20ac_215_1": 0.4, "6_*BQ_215_1": 0.6666666666666666, "7_1256_215_1": 0.0, "8_ROQUETTE_215_1": 0.125, "9_1.20\u20ac_215_1": 0.4, "10_BAL_215_1": 0.0, "11_2196_215_1": 0.0, "12_PYREN.NR_215_1": 0.25, "13_6.19\u20ac_215_1": 0.4, "14_*BAGUETTE_215_1": 0.1111111111111111, "15_CARREFOUR_215_1": 0.0, "16_0.85\u20ac_215_1": 0.4, "17_REMISE_215_1": 0.16666666666666666, "18_-29.95\u20ac_215_1": 0.2857142857142857, "19_75CL_215_1": 0.5, "20_CH.HEIDSIECK_215_1": 0.08333333333333333, "21_2x_215_1": 1.0, "22_29.95_215_1": 0.0, "23_59.90\u20ac_215_1": 0.3333333333333333, "24_OEUF_215_1": 0.75, "25_GROS_215_1": 0.25, "26_EXTRA_215_1": 0.0, "27_1.14\u20ac_215_1": 0.4, "28_370G_215_1": 0.75, "29_CONF.MYRTILLE_215_1": 0.23076923076923078, "30_1.93\u20ac_215_1": 0.4, "31_2.35\u20ac_215_1": 0.4, "32_*250G_215_1": 0.4, "33_TARTARE_215_1": 0.0, "34_AFH_215_1": 0.6666666666666666, "35_REMISE_215_1": 0.16666666666666666, "36_-9.30\u20ac_215_1": 0.3333333333333333, "37_PYRENEENS_215_1": 0.0, "38_ASS_215_1": 0.3333333333333333, "39_6.19_215_1": 0.25, "40_219G_215_1": 0.25, "41_5x_215_1": 0.5, "42_30.95\u20ac_215_1": 0.3333333333333333, "43_FARINE_215_1": 0.0, "44_1KG_215_1": 0.6666666666666666, "45_BLE_215_1": 0.3333333333333333, "46_T55_215_1": 0.6666666666666666, "47_3.90\u20ac_215_1": 0.4, "48_120G_215_1": 0.25, "49_4T.TRUIT.FUME_215_1": 0.07692307692307693, "50_*100G_215_1": 0.6, "51_TARAMA_215_1": 0.16666666666666666, "52_CABILL_215_1": 0.16666666666666666, "0_A_743_3": 0.0, "1_BIENTOT_743_3": 0.0, "2_VISITE_743_3": 0.0, "3_MERCI_743_3": 0.0, "4_DE_743_3": 0.0, "5_VOTRE_743_3": 0.2, "6_repris_743_3": 0.0, "7_Jeux_743_3": 0.0, "8_d'accasion_743_3": 0.2, "9_ni_743_3": 0.0, "10_ni_743_3": 0.0, "11_echanges_743_3": 0.25, "0_:_137_0": 1.0, "1_Tel_137_0": 0.0, "2_ROCHELLE_137_0": 0.0, "3_17000_137_0": 0.0, "4_LA_137_0": 0.0, "5_SCIERIE_137_0": 0.0, "6_LA_137_0": 0.0, "7_RUE_137_0": 0.0, "8_DE_137_0": 0.0, "9_33_137_0": 0.0, "10_ROCHELLE_137_0": 0.0, "11_LA_137_0": 0.0, "12_CRF-CITY_137_0": 0.0, "0_12/06/1907_680_0": 0.1, "1_12_680_0": 1.0, "2_40.26_680_0": 0.2, "3_PM_680_0": 0.0, "4_Date/Heure:_680_0": 0.09090909090909091, "5_SIRET_680_0": 0.0, "6_944_680_0": 0.0, "7_808_680_0": 0.0, "8_110_680_0": 0.6666666666666666, "9_00010_680_0": 0.0, "10_17000_680_0": 0.0, "11_La_680_0": 0.0, "12_Rochelle_680_0": 0.0, "13_Becquerel_680_0": 0.0, "14_Avenue_680_0": 0.0, "15_Henri_680_0": 0.0, "16_KING(r)_680_0": 0.0, "0_DESCRIPTION_572_0": 0.0, "1_QTE_572_0": 0.0, "2_MONTANT_572_0": 0.14285714285714285, "3_Bienvenue_572_0": 0.0, "4_Carrefour_572_0": 0.0, "5_chez_572_0": 0.0, "6_Market_572_0": 0.0, "7_Dimanche_572_0": 0.0, "8_9H00_572_0": 0.75, "9_a_572_0": 0.0, "10_12H30_572_0": 0.0, "11_Lundi_572_0": 0.0, "12_au_572_0": 0.0, "13_Samedi_572_0": 0.0, "14_de_572_0": 0.0, "15_8H30_572_0": 0.25, "16_a_572_0": 0.0, "17_19H30_572_0": 0.0, "18_:_572_0": 1.0, "19_Tel_572_0": 0.0, "20_04_572_0": 0.0, "21_66_572_0": 1.0, "22_88_572_0": 0.0, "23_98_572_0": 0.0, "24_98_572_0": 0.0, "25_VAUVERT_572_0": 0.0, "0_Tel_324_0": 0.0, "1_17000_324_0": 0.0, "2_LA_324_0": 0.0, "3_ROCHELLE_324_0": 0.0, "4_33_324_0": 0.0, "5_RUE_324_0": 0.0, "6_DE_324_0": 0.0, "7_LA_324_0": 0.0, "8_SCIERIE_324_0": 0.0, "9_CRF-CITY_324_0": 0.0, "10_LA_324_0": 0.0, "11_ROCHELLE_324_0": 0.0, "0_2,19_659_1": 0.25, "1_Filets_659_1": 0.0, "2_de_659_1": 0.0, "3_sardine_659_1": 0.0, "4_au_659_1": 0.0, "5_A_659_1": 1.0, "6_1,09_659_1": 0.0, "7_2_659_1": 0.0, "8_2,18_659_1": 0.0, "9_Lingettes_659_1": 0.0, "10_epais_659_1": 0.0, "11_sens_659_1": 0.25, "12_B_659_1": 0.0, "13_super_659_1": 0.0, "14_degraiss_659_1": 0.125, "15_,19_659_1": 1.0, "16_Nett,_659_1": 0.2, "17_B_659_1": 0.0, "18_0,35_659_1": 0.5, "19_3_659_1": 1.0, "20_1,05_659_1": 1.0, "21_au_659_1": 0.5, "22_chocolat_659_1": 0.0, "23_Pain_659_1": 0.0, "24_A_659_1": 1.0, "25_pocket_659_1": 0.0, "26_1,31_659_1": 1.0, "27_Granola_659_1": 0.0, "28_A_659_1": 0.0, "29_0,39_659_1": 0.25, "30_2_659_1": 0.0, "31_0,78_659_1": 0.25, "32_tomates_659_1": 0.0, "33_A_659_1": 0.0, "34_Puree_659_1": 0.0, "35_de_659_1": 0.0, "36_0,43_659_1": 0.0, "37_chimique_659_1": 0.0, "38_Levure_659_1": 0.0, "39_A_659_1": 1.0, "40_0,73_659_1": 0.0, "41_2_659_1": 0.0, "42_1,46_659_1": 0.25, "43_1/2_659_1": 0.6666666666666666, "44_Lait_659_1": 0.0, "45_ecreme_659_1": 0.16666666666666666, "46_UHT_659_1": 0.0, "47_A_659_1": 1.0, "48_0,63_659_1": 0.25, "49_A_659_1": 1.0, "50_Panzani_659_1": 0.0, "51_Torti_659_1": 0.0, "52_1,49_659_1": 0.5, "53_sans_659_1": 0.25, "54_A_659_1": 0.0, "55_Pina_659_1": 0.0, "56_colada_659_1": 0.0, "57_alc_659_1": 0.3333333333333333, "58_francais_659_1": 0.0, "59_1,71_659_1": 1.0, "60_A_659_1": 1.0, "61_Emmental_659_1": 0.0, "62_bl_659_1": 0.0, "0_ROCHELLE_648_0": 0.0, "1_LA_648_0": 0.0, "2_17000_648_0": 0.0, "3_Scierie_648_0": 0.14285714285714285, "4_de_648_0": 0.0, "5_la_648_0": 0.0, "6_Rue_648_0": 0.0, "7_LA_648_0": 0.5, "8_FOCHELLE_648_0": 0.125, "9_TABLAPIZZA_648_0": 0.1, "0_BIENTOT_263_1": 0.14285714285714285, "1_A_263_1": 0.0, "2_MERCI_263_1": 0.6, "3_DE_263_1": 0.5, "4_VOTRE_263_1": 0.0, "5_VISITE_263_1": 0.0, "6_000292_263_1": 0.8333333333333334, "7_0011_263_1": 1.0, "8_004_263_1": 1.0, "9_17/07/2017_263_1": 1.0, "10_12:16:35_263_1": 0.25, "11_Votre_263_1": 0.0, "12_Monnate_263_1": 0.14285714285714285, "13_17.36\u20ac_263_1": 0.3333333333333333, "14_ESPECES_263_1": 1.0, "15_50.00\u20ac_263_1": 0.3333333333333333, "16_EUR_263_1": 0.3333333333333333, "17_12_263_1": 1.0, "18_ARTICLE_263_1": 1.0, "19_TOTAL_263_1": 1.0, "20_(S)_263_1": 0.3333333333333333, "21_PAYER_263_1": 0.6, "22_A_263_1": 1.0, "23_32.64_263_1": 0.8, "24_HAQUEREAUX_263_1": 0.8, "25_SAUPIQU_263_1": 1.0, "26_1.804_263_1": 1.0, "27_GDS_263_1": 1.0, "28_SAUC_263_1": 0.75, "29_MOUTRD_263_1": 0.0, "30_AN_263_1": 1.0, "31_3.644_263_1": 1.0, "0_Tablapizza_631_2": 0.0, "1_La_631_2": 0.5, "2_Rochelle_631_2": 0.0, "3_Minimes_631_2": 0.0, "4_Facebook_631_2": 0.125, "5_sur_631_2": 0.0, "6_page_631_2": 0.0, "7_notre_631_2": 0.0, "8_Merci_631_2": 0.0, "9_et_631_2": 0.0, "10_a_631_2": 0.0, "11_bientot_631_2": 0.0, "12_Prix_631_2": 0.0, "13_Nets_631_2": 0.0, "14_7j/7_631_2": 1.0, "15_Ouvert_631_2": 0.0, "16_11h45_631_2": 0.2, "17_de_631_2": 0.0, "18_a_631_2": 0.0, "19_23h45_631_2": 0.2, "20_Reglement_631_2": 0.1111111111111111, "21_Table_631_2": 0.0, "22_a_631_2": 0.0, "23_T.V.A._631_2": 0.16666666666666666, "24_10%_631_2": 0.0, "25_2.35_631_2": 0.25, "26_T.V.A._631_2": 0.16666666666666666, "27_20%_631_2": 0.0, "28_0.67_631_2": 0.0, "0_ _receipt_00452_0": 2.0, "0_2.060_receipt_00086_1": 0.0, "1_Total_receipt_00086_1": 0.0, "2_Tax_receipt_00086_1": 0.0, "3_600_receipt_00086_1": 0.0, "4_SC_receipt_00086_1": 0.0, "5_20.000_receipt_00086_1": 0.0, "6_Subtotal_receipt_00086_1": 0.0, "7_Qty:_receipt_00086_1": 0.0, "8_1_receipt_00086_1": 0.0, "0_Sub_receipt_00241_0": 0.0, "1_Total_receipt_00241_0": 0.0, "2_44,999_receipt_00241_0": 0.16666666666666666, "3_CHARGE_receipt_00241_0": 0.16666666666666666, "4_TA_receipt_00241_0": 1.0, "5_1_receipt_00241_0": 1.0, "6_909_receipt_00241_0": 0.3333333333333333, "7_Chicken_receipt_00241_0": 0.14285714285714285, "8_HCC,_receipt_00241_0": 1.0, "9_1PCS_receipt_00241_0": 1.25, "10_15,000_receipt_00241_0": 0.0, "11_1_receipt_00241_0": 2.0, "12_11,818_receipt_00241_0": 0.0, "13_Perkedel_receipt_00241_0": 0.125, "14_2_receipt_00241_0": 1.0, "15_17,272_receipt_00241_0": 0.16666666666666666, "16_Deluxe_receipt_00241_0": 0.16666666666666666, "17_2_receipt_00241_0": 0.0, "18_Salad_receipt_00241_0": 0.2, "0_ _receipt_00639_0": 4.0, "0_A_77_2": 0.0, "1_BIENTOT_77_2": 0.0, "0_CASH_receipt_00281_1": 0.0, "1_10,450_receipt_00281_1": 0.0, "2_TOTAL_receipt_00281_1": 0.0, "3_10,450_receipt_00281_1": 0.0, "4_TAX_receipt_00281_1": 0.0, "5_10%_receipt_00281_1": 0.0, "6_950_receipt_00281_1": 0.0, "7_9,500_receipt_00281_1": 0.0, "8_1.00x_receipt_00281_1": 0.2, "9_NESTLE_receipt_00281_1": 0.0, "10_600_receipt_00281_1": 0.0, "11_M1_receipt_00281_1": 0.5, "12_9,500_receipt_00281_1": 0.0, "0_1_receipt_00595_0": 2.0, "1_COCA_receipt_00595_0": 0.75, "2_COLA_receipt_00595_0": 0.0, "3_13000_receipt_00595_0": 0.0, "4_13,000_receipt_00595_0": 0.16666666666666666, "5_1_receipt_00595_0": 2.0, "6_ES_receipt_00595_0": 0.5, "7_TEH_receipt_00595_0": 0.3333333333333333, "8_TAWAR_receipt_00595_0": 0.2, "9_8000_receipt_00595_0": 0.0, "10_8,000_receipt_00595_0": 0.0, "11_2_receipt_00595_0": 0.0, "12_BROWN_receipt_00595_0": 0.2, "13_SAUCE_receipt_00595_0": 0.2, "14_0_receipt_00595_0": 1.0, "15_0_receipt_00595_0": 1.0, "16_1_receipt_00595_0": 2.0, "17_F.FRIES_receipt_00595_0": 0.14285714285714285, "18_COMBO_receipt_00595_0": 0.4, "19_0_receipt_00595_0": 2.0, "20_0_receipt_00595_0": 2.0, "21_2_receipt_00595_0": 0.0, "22_F.FRIES_receipt_00595_0": 0.14285714285714285, "23_MEDIUM_receipt_00595_0": 0.3333333333333333, "24_0_receipt_00595_0": 1.0, "25_0_receipt_00595_0": 1.0, "26_1_receipt_00595_0": 2.0, "27_CB_receipt_00595_0": 1.0, "28_PR_receipt_00595_0": 0.5, "29_SIRLOIN_receipt_00595_0": 0.0, "30_162000_receipt_00595_0": 0.0, "31_162,000_receipt_00595_0": 0.0, "0_05AVR17_670_0": 0.7142857142857143, "1_12:47_670_0": 1.2, "2_45150_670_0": 0.4, "3_FEROLLES_670_0": 0.0, "0_ALTICLE(S)_80_1": 0.2, "1_9_80_1": 0.0, "2_17.52\u20ac_80_1": 0.3333333333333333, "3_TOTAL_80_1": 0.8, "4_A_80_1": 0.0, "5_PAYER_80_1": 0.0, "6_1.77\u20ac_80_1": 0.4, "7_TE_80_1": 0.0, "8_125G_80_1": 0.25, "9_*ROQUE_80_1": 0.16666666666666666, "10_CRF_80_1": 0.3333333333333333, "11_2.72\u20ac_80_1": 0.4, "12_*PIZZA_80_1": 0.8333333333333334, "13_4SAISONS_80_1": 0.25, "14_CRF_80_1": 0.0, "15_2.98\u20ac_80_1": 0.4, "16_*PIZZ.(HEV.CRF_80_1": 0.14285714285714285, "17_440G_80_1": 0.25, "18_2.34\u20ac_80_1": 0.4, "19_BAR.KINDER_80_1": 0.1, "20_*PAK.3)2_80_1": 0.125, "21_1.99\u20ac_80_1": 0.4, "22_*NECT._80_1": 0.16666666666666666, "23_ANGUE_80_1": 0.0, "24_CRF_80_1": 0.3333333333333333, "25_IL_80_1": 1.0, "26_2.24e_80_1": 0.4, "27_*OZZA_80_1": 1.0, "28_ELLA_80_1": 0.0, "29_DI_80_1": 1.0, "30_BUFA_80_1": 0.25, "31_1.05\u20ac_80_1": 0.4, "32_1/E.BIO_80_1": 0.5714285714285714, "33_CRF_80_1": 0.3333333333333333, "34_1L_80_1": 1.0, "35_*LT_80_1": 1.0, "36_1.25\u20ac_80_1": 0.4, "37_*EMMENI.RAP.BIO_80_1": 0.3333333333333333, "38_CRF_80_1": 0.0, "39_1.18e_80_1": 0.2, "40_SPAGHETTI_80_1": 0.1111111111111111, "41_BIO_80_1": 0.0, "42_*500G_80_1": 0.2, "43_MONTANT_80_1": 0.5714285714285714, "44_QTE_80_1": 0.6666666666666666, "45_DESCRIPTION_80_1": 0.0, "0_:_399_0": 2.0, "1_Tel_399_0": 0.0, "2_17000_399_0": 0.0, "3_LA_399_0": 0.0, "4_ROCHELLE_399_0": 0.0, "5_RUE_399_0": 0.0, "6_DE_399_0": 0.0, "7_LA_399_0": 0.5, "8_SCIERIE_399_0": 0.0, "9_33_399_0": 0.0, "10_CRF-CITY_399_0": 0.0, "11_LA_399_0": 0.0, "12_ROCHELLE_399_0": 0.0, "0_:_168_0": 1.0, "1_Tel_168_0": 0.0, "2_17000_168_0": 0.0, "3_LA_168_0": 0.0, "4_ROCHELLE_168_0": 0.0, "5_RUE_168_0": 0.0, "6_33_168_0": 1.0, "7_DE_168_0": 0.0, "8_SCIERIE_168_0": 0.0, "9_LA_168_0": 0.5, "10_CRF-CITY_168_0": 0.0, "11_LA_168_0": 0.0, "12_ROCHELLE_168_0": 0.0, "0_Total_receipt_00299_1": 0.0, "1_51.000_receipt_00299_1": 0.0, "2_Pembulatan_receipt_00299_1": 0.0, "3_1_receipt_00299_1": 1.0, "4_(10%)_receipt_00299_1": 0.0, "5_Pb1_receipt_00299_1": 0.0, "6_4.636_receipt_00299_1": 0.0, "7_Subtotal_receipt_00299_1": 0.125, "8_46.363_receipt_00299_1": 0.0, "9_Hangat_receipt_00299_1": 0.16666666666666666, "10_Teh_receipt_00299_1": 0.0, "11_Tawar_receipt_00299_1": 0.0, "12_3.636_receipt_00299_1": 0.2, "13_1_receipt_00299_1": 1.0, "14_Nasi_receipt_00299_1": 0.0, "15_Putih_receipt_00299_1": 0.0, "16_1_receipt_00299_1": 2.0, "17_6.363_receipt_00299_1": 0.0, "18_Daging_receipt_00299_1": 0.16666666666666666, "19_Soto_receipt_00299_1": 0.25, "20_36.364_receipt_00299_1": 0.16666666666666666, "21_1_receipt_00299_1": 0.0, "0_pieces_608_5": 0.0, "1_detachees_608_5": 0.0, "2_des_608_5": 0.0, "3_Nombre_608_5": 0.0, "4_d'annees_608_5": 0.0, "5_de_608_5": 0.0, "6_#xx_608_5": 0.0, "7_UNIQUEMENT_608_5": 0.0, "8_OU_608_5": 1.0, "9_CARTE_608_5": 0.0, "10_BANCAIRE_608_5": 0.0, "0_White_receipt_00083_0": 0.4, "1_1_receipt_00083_0": 0.0, "2_ICED_receipt_00083_0": 0.0, "3_43.000_receipt_00083_0": 0.0, "0_4.000_receipt_00730_1": 1.0, "1_Big_receipt_00730_1": 0.0, "2_Bubble_receipt_00730_1": 0.0, "3_Less_receipt_00730_1": 0.0, "4_+_receipt_00730_1": 2.0, "5_+R_receipt_00730_1": 0.5, "6_70%_receipt_00730_1": 0.0, "7_+_receipt_00730_1": 2.0, "8_21.000_receipt_00730_1": 0.0, "9_Milk_receipt_00730_1": 0.0, "10_Tea_receipt_00730_1": 0.0, "11_1_receipt_00730_1": 2.0, "12_Roasted_receipt_00730_1": 0.0, "0_@_X51005365179_1": 0.0, "1_1.20_X51005365179_1": 0.0, "2_SR_X51005365179_1": 0.0, "3_6%_X51005365179_1": 0.0, "4_1_X51005365179_1": 0.0, "5_20.00_X51005365179_1": 0.0, "6_(MYR)_X51005365179_1": 0.0, "7_Summary_X51005365179_1": 0.0, "8_(MYR)_X51005365179_1": 0.0, "9_GST_X51005365179_1": 0.0, "10_3ST_X51005365179_1": 0.3333333333333333, "11_Item_X51005365179_1": 0.5, "12_Amount_X51005365179_1": 0.0, "13_Change_X51005365179_1": 0.0, "14_0.00_X51005365179_1": 0.0, "15_Cash_X51005365179_1": 0.0, "16_21.20_X51005365179_1": 0.0, "17_:_X51005365179_1": 1.0, "18_(MYR)_X51005365179_1": 0.0, "19_Total_X51005365179_1": 0.0, "20_Rounded_X51005365179_1": 0.0, "21_21.20_X51005365179_1": 0.0, "22_Net_X51005365179_1": 0.0, "23_Rounding_X51005365179_1": 0.0, "24_Adj._X51005365179_1": 0.25, "25_0.00_X51005365179_1": 0.0, "26_:_X51005365179_1": 1.0, "27_:_X51005365179_1": 1.0, "28_(MYR)_X51005365179_1": 0.0, "29_Net_X51005365179_1": 0.0, "30_Total_X51005365179_1": 0.0, "31_21.20_X51005365179_1": 0.0, "32_:_X51005365179_1": 1.0, "33_@_X51005365179_1": 0.0, "34_1.20_X51005365179_1": 0.0, "35_GST_X51005365179_1": 0.0, "36_6%_X51005365179_1": 0.0, "37_(MYR)_X51005365179_1": 0.0, "38_Item(s)_X51005365179_1": 0.0, "39_Total_X51005365179_1": 0.0, "40_20.00_X51005365179_1": 0.0, "41_:_X51005365179_1": 1.0, "42_20.00_X51005365179_1": 0.0, "43_SR_X51005365179_1": 0.0, "44_4.00_X51005365179_1": 0.0, "45_@_X51005365179_1": 0.0, "46_ADAPTOR_X51005365179_1": 0.0, "47_1_X51005365179_1": 0.0, "48_AIR_X51005365179_1": 0.3333333333333333, "49_Qty_X51005365179_1": 0.0, "50_Price_X51005365179_1": 0.0, "51_Amount_X51005365179_1": 0.0, "52_Item_X51005365179_1": 0.25, "53_Name_X51005365179_1": 0.0, "54_Unit_X51005365179_1": 0.0, "0_Round_receipt_00669_0": 0.2, "1_Wagyu_receipt_00669_0": 0.2, "2_(1gr)_receipt_00669_0": 0.4, "3_133_receipt_00669_0": 1.0, "4_53.200_receipt_00669_0": 0.16666666666666666, "0_ _receipt_00129_0": 2.0, "0_DESCRIPTION_249_0": 0.0, "1_QTE_249_0": 1.0, "2_KONTANT_249_0": 0.0, "3_Gargot_249_0": 0.0, "4_Aytre._249_0": 0.3333333333333333, "5_Rue_249_0": 0.0, "6_Nicolas_249_0": 0.0, "7_17440_249_0": 0.0, "8_Dimanche_249_0": 0.0, "9_9h_249_0": 0.5, "10_a_249_0": 1.0, "11_12h30_249_0": 0.0, "12_Lundi_249_0": 0.0, "13_au_249_0": 0.0, "14_Samedi_249_0": 0.0, "15_de_249_0": 0.0, "16_9h_249_0": 0.5, "17_a_249_0": 0.0, "18_20h00_249_0": 0.0, "19_:_249_0": 1.0, "20_Tel_249_0": 0.0, "21_0546457320_249_0": 0.0, "22_Carrefour_249_0": 0.0, "23_market_249_0": 0.0, "24_AYTRE_249_0": 0.0, "0_320,000_receipt_00349_0": 0.0, "1_1_receipt_00349_0": 1.0, "2_BO_receipt_00349_0": 0.0, "3_SSAM_receipt_00349_0": 1.0, "4_20,000_receipt_00349_0": 0.0, "5_1_receipt_00349_0": 0.0, "6_GONG_receipt_00349_0": 0.75, "7_GIBAB_receipt_00349_0": 0.0, "0_Change:_receipt_00588_1": 0.14285714285714285, "1_0_receipt_00588_1": 1.0, "2_~MANDIRI_receipt_00588_1": 0.25, "3_117,000_receipt_00588_1": 1.0, "4_117,000_receipt_00588_1": 0.7142857142857143, "5_GRAND_receipt_00588_1": 0.4, "6_TOTAL_receipt_00588_1": 1.2, "7_TAX_receipt_00588_1": 1.6666666666666667, "8_10,636_receipt_00588_1": 0.0, "9_SUB._receipt_00588_1": 0.75, "10_TOTAL_receipt_00588_1": 0.4, "11_106,364_receipt_00588_1": 0.14285714285714285, "12_HOT_receipt_00588_1": 0.3333333333333333, "13_OCHA_receipt_00588_1": 0.5, "14_1_receipt_00588_1": 1.0, "15_10,909_receipt_00588_1": 0.0, "16_NIKU_receipt_00588_1": 0.25, "17_UDON_receipt_00588_1": 0.25, "18_1_receipt_00588_1": 1.0, "19_49,091_receipt_00588_1": 0.16666666666666666, "20_CHICKEN_receipt_00588_1": 0.14285714285714285, "21_KATSU_receipt_00588_1": 0.0, "22_CURRY_receipt_00588_1": 0.0, "23_RICE_receipt_00588_1": 0.0, "24_46,364_receipt_00588_1": 0.0, "25_1_receipt_00588_1": 1.0, "0_1,30_674_0": 0.25, "1_Origine_674_0": 0.0, "2_Baguette_674_0": 0.0, "3_tour_674_0": 0.0, "4_nee_674_0": 0.0, "5_QTE_674_0": 1.0, "6_EUR_674_0": 0.0, "7_ARTICLES_674_0": 0.0, "8_BRAYE_674_0": 0.0, "9_JEAN_674_0": 0.0, "10_DE_674_0": 0.0, "11_ST_674_0": 1.0, "12_45800_674_0": 0.0, "13_Joseph_674_0": 0.0, "14_SOULAS_674_0": 0.0, "15_Avenue_674_0": 0.0, "16_25_674_0": 0.0, "17_Tel:_674_0": 0.0, "0_BIENTOT_229_2": 0.0, "1_visite_229_2": 0.0, "2_remercie_229_2": 0.0, "3_votre_229_2": 0.0, "4_de_229_2": 0.0, "5_Vous_229_2": 0.0, "6_CARREFOUR_229_2": 0.0, "7_MARKET_229_2": 0.0, "8_AYTRE_229_2": 0.0, "9_11/10/2016_229_2": 0.8, "10_18:49:59_229_2": 0.0, "11_0123_229_2": 0.0, "12_005_229_2": 0.3333333333333333, "13_000150_229_2": 0.0, "0_Refundable_X51005441398_3": 0.0, "1_Goods_X51005441398_3": 0.0, "2_Sold_X51005441398_3": 0.25, "3_Are_X51005441398_3": 0.0, "4_Non_X51005441398_3": 0.3333333333333333, "5_YOU,_X51005441398_3": 0.75, "6_FLEASE_X51005441398_3": 0.0, "7_AGAIN_X51005441398_3": 0.6, "8_THANK_X51005441398_3": 0.0, "9_COME_X51005441398_3": 0.25, "10_10.74_X51005441398_3": 0.2, "11_SR:GST_X51005441398_3": 0.3333333333333333, "12_06%_X51005441398_3": 1.0, "13_179.00_X51005441398_3": 0.3333333333333333, "14_Summary_X51005441398_3": 0.0, "15_Tax_X51005441398_3": 0.0, "16_Tax_X51005441398_3": 0.0, "17_Amount_X51005441398_3": 0.0, "0_25/11/2015_223_2": 0.0, "1_0105_223_2": 0.0, "2_012_223_2": 0.0, "3_000265_223_2": 0.0, "4_19:12:15_223_2": 0.0, "5_36.08\u20ac_223_2": 0.3333333333333333, "6_EUR_223_2": 0.0, "7_CARTE_223_2": 0.0, "8_BANCAIRE_223_2": 0.0, "9_EMV_223_2": 0.0, "10_36.08\u20ac_223_2": 0.3333333333333333, "11_(S)_223_2": 0.3333333333333333, "12_A_223_2": 0.0, "13_PAYER_223_2": 0.0, "14_ARTICLE_223_2": 0.0, "15_TOTAL_223_2": 0.0, "16_18_223_2": 0.5, "17_29.65\u20ac_223_2": 0.3333333333333333, "18_TOTAL_223_2": 0.0, "19_ALIMENTAIRE_223_2": 0.2727272727272727, "20_2.98\u20ac_223_2": 0.4, "21_NOISET_223_2": 0.0, "22_XTREM_223_2": 0.2, "23_CHOCO_223_2": 0.0, "24_2.08\u20ac_223_2": 0.4, "25_FLAMBEE_223_2": 0.14285714285714285, "26_TARTE_223_2": 0.0, "27_GRAT_223_2": 0.25, "0_BIENTOT_63_2": 0.0, "1_MERCI_63_2": 0.0, "2_DE_63_2": 0.0, "3_VOTRE_63_2": 0.0, "4_VISITE_63_2": 0.0, "0_11000_receipt_00460_0": 0.0, "1_11000_receipt_00460_0": 0.0, "2_1_receipt_00460_0": 0.0, "0_MARKET_X51005361895_2": 0.0, "1_shopping_X51005361895_2": 0.0, "2_you_X51005361895_2": 0.0, "3_Thank_X51005361895_2": 0.0, "4_for_X51005361895_2": 0.0, "5_at_X51005361895_2": 0.0, "6_FUYI_X51005361895_2": 0.5, "7_MINI_X51005361895_2": 0.0, "0_QTEM_596_0": 0.5, "1_DESIGNATION_596_0": 0.0, "2_P.U_596_0": 0.3333333333333333, "3_x_596_0": 2.0, "4_Lundi_596_0": 0.2, "5_au_596_0": 0.0, "6_samedi_596_0": 0.0, "7_de_596_0": 0.0, "8_9h00_596_0": 0.75, "9_a_596_0": 0.0, "10_21h00_596_0": 0.0, "11_:_596_0": 1.0, "12_TEL_596_0": 0.0, "13_ST_596_0": 0.0, "14_BRIEUC_596_0": 0.0, "15_BIENVENUE_596_0": 0.0, "16_Bienvenue_596_0": 0.0, "17_chez_596_0": 0.0, "0_ARTICLE_48_1": 0.0, "1_(S)_48_1": 0.6666666666666666, "2_19.26\u20ac_48_1": 0.3333333333333333, "3_TOTAL_48_1": 0.0, "4_A_48_1": 0.0, "5_PAYER_48_1": 0.0, "6_10_48_1": 0.0, "7_JBN_48_1": 0.0, "8_FROMAGE_48_1": 0.14285714285714285, "9_1.17\u20ac_48_1": 0.4, "10_*PIZZA_48_1": 0.16666666666666666, "11_1.77\u20ac_48_1": 0.4, "12_CREME_48_1": 0.2, "13_*KIRI_48_1": 0.0, "14_X_48_1": 2.0, "15_8_48_1": 0.0, "16_2.81\u20ac_48_1": 0.4, "17_*GALETTE_48_1": 0.125, "18_QUINOA_48_1": 0.0, "19_TOM_48_1": 0.6666666666666666, "20_1.54\u20ac_48_1": 0.4, "21_*EMMENTAL_48_1": 0.2222222222222222, "22_RAPE_48_1": 0.0, "23_CRF_48_1": 0.0, "24_3.50\u20ac_48_1": 0.4, "25_*CLEMENTINES_48_1": 0.08333333333333333, "26_1KG_48_1": 0.3333333333333333, "27_0.84\u20ac_48_1": 0.4, "28_*BAGUETTE_48_1": 0.1111111111111111, "29_250G_48_1": 0.25, "30_1.20\u20ac_48_1": 0.4, "31_PAIN_48_1": 0.5, "32_DE_48_1": 0.0, "33_HIE_48_1": 0.0, "34_*500G_48_1": 0.2, "35_0.63\u20ac_48_1": 0.4, "36_COQUILL.CRF_48_1": 0.0, "37_*500G_48_1": 0.4, "38_3.216_48_1": 0.4, "39_RICOTTA_48_1": 0.0, "40_*250G_48_1": 0.4, "41_TORT_48_1": 0.0, "42_2.59\u20ac_48_1": 0.4, "43_*190G_48_1": 0.4, "44_CAVIAR_48_1": 0.0, "45_TOMATE_48_1": 0.16666666666666666, "0_Change_receipt_00747_1": 0.16666666666666666, "1_0_receipt_00747_1": 1.0, "2_CASH_receipt_00747_1": 0.75, "3_10.000_receipt_00747_1": 0.0, "4_Total_receipt_00747_1": 0.6, "5_10.000_receipt_00747_1": 0.0, "6_Subtotal_receipt_00747_1": 0.0, "7_10.000_receipt_00747_1": 0.3333333333333333, "8_1_receipt_00747_1": 3.0, "9_Lemon_receipt_00747_1": 1.0, "10_10.000_receipt_00747_1": 0.0, "0_A_443_2": 0.0, "1_BIENTOT_443_2": 0.0, "2_MERCI_443_2": 0.0, "3_DE_443_2": 0.0, "4_VOTRE_443_2": 0.0, "5_VISITE_443_2": 0.0, "0_1_receipt_00628_0": 2.0, "1_CHEESE_receipt_00628_0": 0.16666666666666666, "2_VOLCANO_receipt_00628_0": 0.0, "3_23,000_receipt_00628_0": 0.0, "0_BALEMES_727_1": 0.2857142857142857, "1_LE_727_1": 0.5, "2_WER_727_1": 1.0, "3_DES_727_1": 0.0, "4_PHARE_727_1": 0.0, "5_SUR_727_1": 0.3333333333333333, "6_SITE_727_1": 0.5, "7_CAM_727_1": 1.0, "8_SUR_727_1": 0.0, "9_BALEINES_727_1": 0.25, "10_OU_727_1": 1.5, "11_DES_727_1": 0.0, "12_FACEB00K:_727_1": 0.3333333333333333, "13_LE_727_1": 0.0, "14_PLARE_727_1": 0.2, "15_SUR_727_1": 1.0, "16_BALEINES_727_1": 0.125, "17_RETROUVEZ_727_1": 1.0, "18_DES_727_1": 0.0, "19_PHARE_727_1": 0.2, "20_LE_727_1": 1.0, "21_Especes_727_1": 0.14285714285714285, "22_3,20_727_1": 0.25, "23_Reglement:_727_1": 0.1, "24_de_727_1": 0.0, "25_Mode(s)_727_1": 0.14285714285714285, "26_(Dont_727_1": 0.0, "27_0,2_727_1": 0.3333333333333333, "28_10.00%_727_1": 0.0, "29_7VA_727_1": 0.6666666666666666, "30_a_727_1": 0.0, "31_Euros..._727_1": 0.125, "32_Total_727_1": 0.0, "33_1_727_1": 0.0, "34_AQULTE_727_1": 0.5, "0_15,000_receipt_00465_0": 0.0, "1_NASI_receipt_00465_0": 0.25, "2_RAMES_receipt_00465_0": 0.0, "0_MERCI_53_1": 0.0, "1_DE_53_1": 0.0, "2_VISITE_53_1": 0.0, "3_VOTRE_53_1": 0.0, "4_0012_53_1": 0.0, "5_004_53_1": 0.3333333333333333, "6_000142_53_1": 0.0, "7_01/02/2028_53_1": 0.0, "8_12:34:28_53_1": 0.0, "9_CARTE_53_1": 0.0, "10_BANCAIRE_53_1": 0.0, "11_10.91\u20ac_53_1": 0.3333333333333333, "12_EMV_53_1": 0.0, "13_EUR_53_1": 0.0, "14_3_53_1": 1.0, "15_ARTICLE_53_1": 0.0, "16_(S)_53_1": 0.6666666666666666, "17_TOTAL_53_1": 0.0, "18_A_53_1": 0.0, "19_PAYER_53_1": 0.0, "20_10.91\u20ac_53_1": 0.3333333333333333, "21_*FLT_53_1": 0.0, "22_1KG_53_1": 0.6666666666666666, "23_CLEMENTINE_53_1": 0.1, "24_B_53_1": 0.0, "25_4.50\u20ac_53_1": 0.4, "26_*320G_53_1": 0.4, "27_SLDE_53_1": 0.0, "28_ROMA_53_1": 0.0, "29_JBN_53_1": 0.0, "30_3.74\u20ac_53_1": 0.4, "31_*2256_53_1": 0.4, "32_COOKIE_53_1": 0.0, "33_CHOC.N_53_1": 0.16666666666666666, "34_2.67\u20ac_53_1": 0.4, "0_DESCRIPTION_371_0": 0.09090909090909091, "1_QTE_371_0": 1.0, "2_MONTANT_371_0": 0.42857142857142855, "3_:_371_0": 1.0, "4_Tel_371_0": 0.0, "5_17000_371_0": 0.0, "6_LA_371_0": 0.5, "7_ROCHELLE_371_0": 0.0, "8_33_371_0": 0.0, "9_RUE_371_0": 0.0, "10_DE_371_0": 0.0, "11_LA_371_0": 1.0, "12_SCIERIE_371_0": 0.0, "13_CRF-CITY_371_0": 0.0, "14_LA_371_0": 0.5, "15_ROCHELLE_371_0": 0.0, "0_0001_175_1": 0.0, "1_001_175_1": 0.0, "2_000260_175_1": 0.0, "3_05/01/2017_175_1": 0.0, "4_18:43:34_175_1": 0.125, "5_Monnaie_175_1": 0.0, "6_Votre_175_1": 0.0, "7_-10.24\u20ac_175_1": 0.2857142857142857, "8_ESPECES_175_1": 0.0, "9_EUR_175_1": 0.0, "10_24.00\u20ac_175_1": 0.3333333333333333, "11_ARTICLE(S)_175_1": 0.0, "12_A_175_1": 0.0, "13_PAYER_175_1": 0.0, "14_TOTAL_175_1": 0.0, "15_13.76\u20ac_175_1": 0.3333333333333333, "16_F.FRAIS_175_1": 0.14285714285714285, "17_*X4_175_1": 0.6666666666666666, "18_VANILLE_175_1": 0.14285714285714285, "19_2.15\u20ac_175_1": 0.4, "20_*GALETTE_175_1": 0.125, "21_BLE_175_1": 0.0, "22_NOIR_175_1": 0.25, "23_1.93\u20ac_175_1": 0.4, "24_1.92\u20ac_175_1": 0.4, "25_*CITRON_175_1": 0.14285714285714285, "26_BIO_175_1": 0.3333333333333333, "27_FILET_175_1": 0.0, "28_2.50\u20ac_175_1": 0.4, "29_FRAICHE_175_1": 0.0, "30_*ANETH_175_1": 0.0, "31_1.56\u20ac_175_1": 0.0, "32_EQUATEUR_175_1": 0.0, "33_*250G_175_1": 0.2, "34_MLU_175_1": 0.6666666666666666, "35_3.70\u20ac_175_1": 0.4, "0_2,955_receipt_00474_1": 0.0, "1_Incl._receipt_00474_1": 0.0, "2_10%_receipt_00474_1": 0.0, "3_100,000_receipt_00474_1": 1.0, "4_CASH_receipt_00474_1": 0.0, "0_BIENTOT_420_2": 0.0, "1_A_420_2": 0.0, "2_MERCI_420_2": 0.2, "3_DE_420_2": 0.0, "4_VOTRE_420_2": 0.0, "5_VISITE_420_2": 0.0, "0_Tel_362_0": 0.0, "1_17000_362_0": 0.0, "2_LA_362_0": 0.0, "3_ROCHELLE_362_0": 0.0, "4_33_362_0": 0.0, "5_RUE_362_0": 0.0, "6_DE_362_0": 0.0, "7_LA_362_0": 0.5, "8_SCIERIE_362_0": 0.14285714285714285, "9_CRF-CITY_362_0": 0.0, "10_ROCHELLE_362_0": 0.0, "11_LA_362_0": 0.5, "0_DESCRIPTION_20_0": 0.0, "1_QTE_20_0": 0.6666666666666666, "2_MONTANT_20_0": 0.2857142857142857, "3_:_20_0": 3.0, "4_Tel_20_0": 0.0, "5_17000_20_0": 0.0, "6_ROCHELLE_20_0": 0.0, "7_33_20_0": 0.0, "8_RUE_20_0": 0.0, "9_DE_20_0": 0.0, "10_LA_20_0": 0.0, "11_SCIERIE_20_0": 0.0, "12_CRF-CITY_20_0": 0.0, "13_ROCHELLE_20_0": 0.0, "14_LA_20_0": 0.0, "0_Rupiah_receipt_00507_1": 0.0, "1_Jml_receipt_00507_1": 0.3333333333333333, "2_217,685_receipt_00507_1": 0.0, "3_Rp._receipt_00507_1": 0.3333333333333333, "4_Jml_receipt_00507_1": 0.3333333333333333, "5_Liter_receipt_00507_1": 0.0, "6_22.10_receipt_00507_1": 1.0, "7_Harga/L_receipt_00507_1": 0.2857142857142857, "8_9,850_receipt_00507_1": 0.2, "9_Rp._receipt_00507_1": 1.0, "10_Pertamax_receipt_00507_1": 0.0, "11_Produk_receipt_00507_1": 0.0, "0_A_110_1": 0.0, "1_BIENTOT_110_1": 0.0, "2_MERCI_110_1": 0.0, "3_DE_110_1": 0.0, "4_VOTRE_110_1": 0.0, "5_VISITE_110_1": 0.0, "6_0004_110_1": 0.0, "7_004_110_1": 0.0, "8_000144_110_1": 0.0, "9_07/06/2016_110_1": 0.2, "10_12:43:21_110_1": 0.0, "11_BANCAIRE_110_1": 0.0, "12_CARTE_110_1": 0.0, "13_EMV_110_1": 0.0, "14_EUR_110_1": 0.0, "15_4.56\u20ac_110_1": 0.4, "16_ARTICLE(S)_110_1": 0.0, "17_2_110_1": 0.0, "18_TOTAL_110_1": 0.0, "19_A_110_1": 0.0, "20_PAYER_110_1": 0.0, "21_4.56\u20ac_110_1": 0.0, "22_SANDWICH_110_1": 0.0, "23_ROSETTE_110_1": 0.0, "24_1.32\u20ac_110_1": 0.4, "25_150G_110_1": 0.25, "26_SDW_110_1": 0.6666666666666666, "27_TR.POLAIR_110_1": 0.1111111111111111, "28_3.24\u20ac_110_1": 0.4, "0_ _receipt_00592_0": 2.0, "0_:_185_1": 1.0, "1_Carte_185_1": 0.0, "2_Monnaie_185_1": 0.0, "3_-0.04\u20ac_185_1": 0.3333333333333333, "4_Votre_185_1": 0.0, "5_EUR_185_1": 0.0, "6_7.95\u20ac_185_1": 0.4, "7_ESPECES_185_1": 0.0, "8_7.91\u20ac_185_1": 0.4, "9_ARTICLE_185_1": 0.0, "10_(S)_185_1": 1.0, "11_A_185_1": 0.0, "12_PAYER_185_1": 0.0, "13_TOTAL_185_1": 0.8, "14_4_185_1": 0.0, "15_1.86\u20ac_185_1": 0.4, "16_*LAQUE_185_1": 0.0, "17_300ML_185_1": 0.2, "18_CR_185_1": 0.0, "19_FORTE_185_1": 0.0, "20_1.08\u20ac_185_1": 0.4, "21_CHOC_185_1": 0.0, "22_NOIR_185_1": 0.0, "23_80%_185_1": 0.0, "24_*80G_185_1": 0.25, "25_3.37\u20ac_185_1": 0.6, "26_CHILI_185_1": 0.0, "27_CON_185_1": 0.0, "28_CARNE_185_1": 0.0, "29_*300G_185_1": 0.2, "30_1.60\u20ac_185_1": 0.4, "31_CAROTTE_185_1": 0.0, "32_RAPE_185_1": 0.0, "33_BI_185_1": 0.0, "34_*200G_185_1": 0.2, "0_compte_87_1": 0.0, "1_votre_87_1": 0.0, "2_fidelite_87_1": 0.0, "3_Carrefour._87_1": 0.0, "4_vous_87_1": 0.0, "5_auriez_87_1": 0.0, "6_cumule_87_1": 0.0, "7_0.07\u20ac_87_1": 0.4, "8_sur_87_1": 0.0, "9_Si_87_1": 0.0, "10_la_87_1": 0.0, "11_fidelite,_87_1": 0.0, "12_vous_87_1": 0.0, "13_aviez_87_1": 0.0, "14_carte_87_1": 0.0, "15_CARTE_87_1": 0.0, "16_BANCAIRE_87_1": 0.0, "17_EMV_87_1": 0.3333333333333333, "18_EUR_87_1": 0.0, "19_3.72\u20ac_87_1": 0.4, "20_ATICLE_87_1": 0.3333333333333333, "21_(S)_87_1": 0.3333333333333333, "22_2_87_1": 0.0, "23_TOTAL_87_1": 0.0, "24_A_87_1": 0.0, "25_PAYER_87_1": 0.0, "26_3.72\u20ac_87_1": 0.4, "27_*MINI_87_1": 0.6, "28_!OUCHOIR_87_1": 0.25, "29_CRF_87_1": 0.0, "30_1.47\u20ac_87_1": 0.4, "31_1.155kg_87_1": 0.14285714285714285, "32_x_87_1": 2.0, "33_1.95\u20ac/kg_87_1": 0.375, "34_*BANANE_87_1": 0.14285714285714285, "35_2.25\u20ac_87_1": 0.4, "36_DESCRIPTION_87_1": 0.09090909090909091, "37_QTE_87_1": 0.3333333333333333, "38_MONTANT_87_1": 0.2857142857142857, "0_Vign_219_3": 0.25, "1_te(s)_219_3": 0.0, "2_Grace_219_3": 0.0, "3_a_219_3": 0.0, "4_v_219_3": 2.0, "5_sachats_219_3": 0.2857142857142857, "6_2.0_219_3": 0.0, "0_KIWI_713_2": 0.0, "1_1,405_713_2": 0.2, "2_4,50_713_2": 0.25, "3_3,_713_2": 0.5, "4_20_713_2": 0.0, "5_BANANE_713_2": 0.0, "6_0,285_713_2": 0.2, "7_5,_713_2": 0.0, "8_1,_713_2": 1.0, "9_60_713_2": 0.0, "10_60_713_2": 0.0, "11_FENOUIL_713_2": 0.0, "12_2,30_713_2": 0.0, "13_0,92_713_2": 0.0, "14_0,400_713_2": 0.2, "15_OIGNON_713_2": 0.16666666666666666, "16_0,445_713_2": 0.2, "17_1,42_713_2": 0.0, "18_3,_713_2": 0.0, "19_20_713_2": 0.0, "20_0,76_713_2": 0.0, "21_0,200_713_2": 0.2, "22_3,_713_2": 0.5, "23_80_713_2": 0.5, "24_CITRON_713_2": 0.0, "25_1,50_713_2": 0.0, "26_1,50_713_2": 0.0, "27_Art_713_2": 0.0, "28_x_713_2": 0.0, "29_AVOCAT_713_2": 0.0, "0_70%_receipt_00108_0": 1.0, "1_Fr_receipt_00108_0": 1.0, "2_Konjac_receipt_00108_0": 0.0, "3_1X_receipt_00108_0": 1.0, "4_M-Ice_receipt_00108_0": 0.6, "5_Cream_receipt_00108_0": 0.2, "6_Milk_receipt_00108_0": 0.0, "7_Te_receipt_00108_0": 0.5, "8_@30,000_receipt_00108_0": 0.14285714285714285, "9_30,000_receipt_00108_0": 0.0, "0_4_656_2": 1.0, "1_Article(+)_656_2": 0.0, "2_3_656_2": 1.0, "3_9,21_656_2": 0.5, "4_Total_656_2": 0.0, "5_HT_656_2": 0.0, "6_\u20ac_656_2": 0.0, "7_Total_656_2": 0.0, "8_0,50_656_2": 0.25, "9_TVA_656_2": 0.0, "10_\u20ac_656_2": 0.0, "11_5,50_656_2": 0.25, "12_0,50_656_2": 0.25, "13_Dont_656_2": 0.25, "14_TVA_656_2": 1.0, "15_%:_656_2": 1.0, "16_\u20ac_656_2": 1.0, "0_ _receipt_00050_0": 2.0, "0_25,000_receipt_00570_0": 0.16666666666666666, "1_BREAD_receipt_00570_0": 0.2, "2_2_receipt_00570_0": 1.0, "3_REAL_receipt_00570_0": 0.25, "4_MILK_receipt_00570_0": 0.0, "5_CHOCO_receipt_00570_0": 1.0, "6_9,500_receipt_00570_0": 0.2, "7_BUN_receipt_00570_0": 0.0, "8_KAYA_receipt_00570_0": 0.25, "9_1_receipt_00570_0": 1.0, "10_9,000_receipt_00570_0": 0.0, "11_BREAD_receipt_00570_0": 0.0, "12_REDBEAN_receipt_00570_0": 0.14285714285714285, "13_1_receipt_00570_0": 0.0, "0_4,80_207_1": 0.0, "1_4_207_1": 1.0, "2_1L_207_1": 1.0, "3_POTIR._207_1": 0.0, "4_LT_207_1": 1.0, "5_COCO_207_1": 1.0, "6_5,_207_1": 1.0, "7_1L_207_1": 0.5, "8_10_207_1": 0.0, "9_1,70_207_1": 0.25, "10_4_207_1": 1.0, "11_4,30_207_1": 0.0, "12_SUP_207_1": 0.3333333333333333, "13_240G_207_1": 0.25, "14_JBN_207_1": 0.6666666666666666, "15_D04_207_1": 1.0, "16_7,03_207_1": 0.25, "17_KG_207_1": 0.5, "18_PLT_207_1": 0.0, "19_LABEL.R_207_1": 0.0, "20_DOR_207_1": 0.0, "21_4_207_1": 1.0, "22_6,20_207_1": 0.25, "23_PAELLA_207_1": 0.3333333333333333, "24_CHAUD_207_1": 0.0, "25_1,05_207_1": 0.25, "26_4_207_1": 1.0, "27_PDA_207_1": 0.0, "28_BAGUETTE_207_1": 0.0, "29_SESAM_207_1": 0.2, "30_2,00-_207_1": 0.2, "31_Remise_207_1": 0.3333333333333333, "32_Immediate_207_1": 0.2222222222222222, "33_5,00_207_1": 0.0, "34_CIDRE_207_1": 0.0, "35_BRUT_207_1": 0.0, "36_4,50_207_1": 0.25, "37_4_207_1": 1.0, "38_HAKAO_207_1": 0.2, "39_RAVIOLI_207_1": 0.0, "40_SAUC_207_1": 0.5, "41_0,99_207_1": 0.5, "42_SAUCE_207_1": 0.0, "43_POUR_207_1": 0.0, "44_NEMS_207_1": 0.0, "45_4_207_1": 1.0, "46_3,99_207_1": 0.75, "47_4_207_1": 1.0, "48_SAUCE_207_1": 0.0, "49_WOK_207_1": 1.0, "50_KIKOMAN_207_1": 0.0, "51_3,99_207_1": 0.75, "52_4_207_1": 1.0, "53_SOJA_207_1": 0.5, "54_SUCREE_207_1": 0.0, "55_KI_207_1": 1.5, "56_4,29_207_1": 0.5, "57_X6_207_1": 0.5, "58_PERLES_207_1": 0.0, "59_DE_207_1": 0.0, "60_COCO_207_1": 1.0, "61_4_207_1": 1.0, "62_5,00_207_1": 0.25, "63_4_207_1": 1.0, "64_400G_207_1": 1.0, "65_CREPE_207_1": 0.0, "66_JAMBON_207_1": 0.0, "0_20.800_receipt_00756_1": 0.16666666666666666, "1_Kembali_receipt_00756_1": 0.14285714285714285, "2_Tunai_receipt_00756_1": 0.0, "3_100.000_receipt_00756_1": 0.0, "4_79.200_receipt_00756_1": 0.0, "5_Total_receipt_00756_1": 0.2, "6_(10%)_receipt_00756_1": 0.2, "7_7.200_receipt_00756_1": 0.0, "8_PB_receipt_00756_1": 1.0, "9_1_receipt_00756_1": 0.0, "10_72.000_receipt_00756_1": 0.0, "11_Subtotal_receipt_00756_1": 0.0, "0_\u20ac3,90_597_1": 0.2, "1_du_597_1": 0.5, "2_Montant_597_1": 0.0, "3_\u20ac3,90_597_1": 0.2, "4_Sous_597_1": 0.0, "5_total_597_1": 0.4, "6_\u20ac3,90_597_1": 0.2, "7_(1)_597_1": 0.6666666666666666, "8_x_597_1": 0.0, "9_30_597_1": 0.0, "10_20_597_1": 0.0, "11_cm_597_1": 0.5, "12_K4535-5393_597_1": 0.0, "13_Picture_597_1": 0.0, "14_Kiosk_597_1": 0.0, "15_KODAK_597_1": 0.0, "16_Juin_597_1": 0.0, "17_17:26:01_597_1": 0.0, "18_2017_597_1": 0.0, "19_17,_597_1": 0.3333333333333333, "0_ARTICLE(S)_68_1": 0.0, "1_11_68_1": 0.5, "2_TOTAL_68_1": 0.0, "3_A_68_1": 1.0, "4_PAYER_68_1": 0.0, "5_19_68_1": 1.0, "6_964.29\u20ac_68_1": 0.2857142857142857, "7_5700kg_68_1": 0.0, "8_x_68_1": 1.0, "9_3.50\u20ac/kg_68_1": 0.125, "10_POIRE_68_1": 0.0, "11_COMICE_68_1": 0.0, "12_950.00\u20ac_68_1": 0.2857142857142857, "13_19_68_1": 0.5, "14_PAIC_68_1": 0.0, "15_CIT_68_1": 0.6666666666666666, "16_STD_68_1": 0.0, "17_750ML_68_1": 0.2, "18_2.05\u20ac_68_1": 0.4, "19_P.PAIN_68_1": 0.16666666666666666, "20_PREC.LC_68_1": 0.0, "21_CRF_68_1": 0.0, "22_2x_68_1": 0.5, "23_0.94_68_1": 0.0, "24_1.88\u20ac_68_1": 0.4, "25_SAV.MAR_68_1": 0.2857142857142857, "26_LINGET.SOL_68_1": 0.0, "27_1.89e_68_1": 0.4, "28_KIWI_68_1": 0.75, "29_LOT_68_1": 0.6666666666666666, "30_DE_68_1": 0.0, "31_4_68_1": 0.0, "32_EUR_68_1": 0.0, "33_1.00\u20ac_68_1": 0.4, "34_BQT_68_1": 0.6666666666666666, "35_4FRT_68_1": 0.0, "36_R.GALA_68_1": 0.0, "37_FR_68_1": 0.0, "38_2.50\u20ac_68_1": 0.0, "39_OEUF_68_1": 0.0, "40_GROS_68_1": 0.25, "41_EXTRA_68_1": 0.0, "42_1.25\u20ac_68_1": 0.4, "43_4_68_1": 0.0, "44_RLX_68_1": 0.0, "45_ESSUIE_68_1": 0.0, "46_TOUT_68_1": 0.75, "47_1.86\u20ac_68_1": 0.4, "48_1L_68_1": 0.5, "49_1/2EC_68_1": 0.0, "50_LT_68_1": 1.0, "51_LACTEL_68_1": 0.0, "52_2x_68_1": 1.0, "53_0.93_68_1": 0.0, "54_1.86\u20ac_68_1": 0.4, "0_/_517_1": 1.0, "1_/_517_1": 1.0, "2_18.93\u20ac_517_1": 0.3333333333333333, "3_BEAUTE_517_1": 0.0, "4_SANTE_517_1": 0.2, "5_HYGIENE_517_1": 0.0, "6_TOTAL_517_1": 0.0, "7_LINGETTES_517_1": 0.0, "8_D_517_1": 1.0, "9_2.00\u20ac_517_1": 0.4, "10_WCN_517_1": 1.0, "11_30_517_1": 0.0, "12_REMISE_517_1": 0.0, "13_--0.77\u20ac_517_1": 0.5714285714285714, "14_3.05\u20ac_517_1": 0.4, "15_PHYSIOLOGIQ._517_1": 0.08333333333333333, "16_SERUM_517_1": 0.2, "17_-2.28\u20ac_517_1": 0.3333333333333333, "18_REMISE_517_1": 0.0, "19_9.15\u20ac_517_1": 0.4, "20_PHYSIOLOGIQ._517_1": 0.08333333333333333, "21_3x_517_1": 0.0, "22_3.05_517_1": 0.25, "23_SERUM_517_1": 0.2, "24_4.12\u20ac_517_1": 0.4, "25_NET_517_1": 0.3333333333333333, "26_SACHET_517_1": 0.0, "27_WC_517_1": 1.0, "28_3.66\u20ac_517_1": 0.4, "29_12_517_1": 0.0, "30_RLX_517_1": 0.0, "31_P.HY.3P_517_1": 0.14285714285714285, "32_CRF_517_1": 0.3333333333333333, "33_22.05\u20ac_517_1": 0.3333333333333333, "34_ALINENTAIRE_517_1": 0.18181818181818182, "35_TOTAL_517_1": 0.0, "36_5.45\u20ac_517_1": 0.4, "37_X48_517_1": 0.0, "38_SENSEO_517_1": 0.16666666666666666, "39_CORSE_517_1": 0.0, "40_2.26\u20ac_517_1": 0.4, "41_CAR/POT/H.UT_517_1": 0.0, "42_*HPPP_517_1": 0.2, "43_1.83\u20ac_517_1": 0.4, "44_*CAR/SEM/DINDE_517_1": 0.07142857142857142, "45_X2_517_1": 0.0, "46_2.61\u20ac_517_1": 0.0, "47_PDT/BF/TOM_517_1": 0.1, "48_*2X200G_517_1": 0.42857142857142855, "49_9.90\u20ac_517_1": 0.4, "50_*2E_517_1": 0.6666666666666666, "51_AGE_517_1": 0.0, "52_MILUM_517_1": 0.4, "53_6M-1A_517_1": 0.6, "0_46,364_receipt_00202_0": 0.0, "1_CHICKEN_receipt_00202_0": 0.0, "2_KATSU_receipt_00202_0": 0.0, "3_CURRY_receipt_00202_0": 0.0, "4_UDON_receipt_00202_0": 0.5, "5_1_receipt_00202_0": 0.0, "0_QTE_104_0": 1.0, "1_DESCRIPTION_104_0": 0.0, "2_MONTANT_104_0": 0.14285714285714285, "3_:_104_0": 1.0, "4_Tel_104_0": 0.0, "5_17000_104_0": 0.0, "6_LA_104_0": 0.0, "7_ROCHELLE_104_0": 0.0, "8_33_104_0": 0.0, "9_RUE_104_0": 0.0, "10_DE_104_0": 0.0, "11_SCIERIE_104_0": 0.0, "12_LA_104_0": 0.5, "13_CRF-CITY_104_0": 0.0, "14_LA_104_0": 0.0, "15_ROCHELLE_104_0": 0.0, "0_100,000_receipt_00209_1": 0.0, "1_CASH_receipt_00209_1": 0.0, "2_28,000_receipt_00209_1": 0.0, "3_2_receipt_00209_1": 0.0, "4_CHOCOLATE_receipt_00209_1": 0.0, "5_SOBORO_receipt_00209_1": 0.16666666666666666, "6_16,000_receipt_00209_1": 0.0, "7_1_receipt_00209_1": 1.0, "8_REAL_receipt_00209_1": 0.0, "9_CHOCOLATE_receipt_00209_1": 0.0, "10_ROLL_receipt_00209_1": 0.0, "0_CODE_673_1": 0.0, "1_TAUX_673_1": 0.0, "2_HT_673_1": 0.0, "3_TVA_673_1": 0.6666666666666666, "4_TTC_673_1": 0.0, "5_DETAIL_673_1": 0.0, "6_TVA_673_1": 0.0, "7_TOTAL_673_1": 0.0, "8_EUR_673_1": 0.3333333333333333, "9_7.68_673_1": 0.0, "10_386413_673_1": 0.0, "11_VOILAGE_673_1": 0.0, "12_4.99_673_1": 0.0, "13_ORGANZA_673_1": 0.0, "14_X2_673_1": 0.0, "15_G_673_1": 0.0, "16_001102_673_1": 0.0, "17_SAC_673_1": 0.0, "18_DE_673_1": 0.0, "19_CONGELAT_673_1": 0.0, "20_1.20_673_1": 0.0, "21_416399_673_1": 0.3333333333333333, "22_PELLE_673_1": 0.0, "23_BALAYETTE_673_1": 0.0, "24_2_673_1": 0.0, "25_1.49_673_1": 0.0, "26_AS_673_1": 0.0, "27_07/01/2017_673_1": 0.0, "28_17:41:56_673_1": 0.0, "0_70.00\u20ac_767_0": 0.0, "1_50X_767_0": 0.3333333333333333, "2_1.40\u20ac_767_0": 0.4, "3_REDUIT_767_0": 0.16666666666666666, "4_CHARCUTERIE_767_0": 0.09090909090909091, "5_TX_767_0": 1.0, "6_70.00\u20ac_767_0": 0.0, "7_50X_767_0": 0.3333333333333333, "8_1.40\u20ac_767_0": 0.0, "9_REDUIT_767_0": 0.3333333333333333, "10_CHARCUTERIE_767_0": 0.09090909090909091, "11_TX_767_0": 1.0, "12_Montant_767_0": 0.0, "13_LIBELLE_767_0": 0.0, "14_SERVICE_767_0": 0.0, "15_TRAITEUR_767_0": 0.125, "16_500_767_0": 0.0, "17_657_767_0": 0.0, "18_754_767_0": 0.3333333333333333, "19_00015_767_0": 0.8, "20_SIRET:_767_0": 0.3333333333333333, "21_ESCAPIENNES_767_0": 0.36363636363636365, "22_LES_767_0": 0.0, "23_SAVEURS_767_0": 0.0, "24_ST_767_0": 0.0, "25_L'ESC_767_0": 0.0, "26_JULIEN_767_0": 0.0, "27_DE_767_0": 0.5, "28_VIVAL_767_0": 0.0, "0_4.99_688_1": 0.0, "1_\u20ac_688_1": 0.0, "2_OKFBP2/P3_688_1": 0.0, "3_ADELE_688_1": 0.0, "4_TS_688_1": 0.5, "5_E17_688_1": 0.0, "6_6_688_1": 1.0, "7_8.99_688_1": 0.0, "8_\u20ac_688_1": 0.0, "9_VET/_688_1": 0.0, "10_slips_688_1": 0.0, "11_SS_688_1": 0.0, "12_LOT_688_1": 0.6666666666666666, "13_3_688_1": 0.0, "14_PL_688_1": 0.0, "15_5_688_1": 0.0, "16_8.99_688_1": 0.5, "17_\u20ac_688_1": 0.0, "18_LOT_688_1": 0.6666666666666666, "19_3_688_1": 0.0, "20_BOXERS_688_1": 0.0, "21_BESS_688_1": 0.0, "22_E17_688_1": 0.0, "23_5_688_1": 0.0, "24_5.99_688_1": 0.5, "25_\u20ac_688_1": 0.0, "26_%3D_688_1": 1.0, "27_OKFBP2/P3_688_1": 0.0, "28_TS_688_1": 0.5, "29_ALEXIA_688_1": 0.16666666666666666, "30_E1_688_1": 0.0, "31_6_688_1": 0.0, "32_19.99_688_1": 0.0, "33_\u20ac_688_1": 0.0, "34_OKF_688_1": 0.0, "35_PER_688_1": 0.0, "36_PANT_688_1": 0.0, "37_SKINNY_688_1": 0.0, "38_fa_688_1": 0.0, "39_2_688_1": 0.0, "40_19.99_688_1": 0.0, "41_\u20ac_688_1": 0.0, "42_Jupe_688_1": 0.0, "43_NIIMPORTOU_688_1": 0.0, "44_OKF_688_1": 0.0, "45_GE_688_1": 0.0, "46_4_688_1": 0.0, "47_/_688_1": 0.0, "48_Numero_688_1": 0.16666666666666666, "49_ticket_688_1": 0.0, "50_:_688_1": 1.0, "51_010370775_688_1": 0.0, "52_1_688_1": 0.0, "0_bientot_664_2": 0.0, "1_A_664_2": 0.0, "2_Merci_664_2": 0.0, "3_votre_664_2": 0.0, "4_visite_664_2": 0.16666666666666666, "5_de_664_2": 0.0, "6_0,00_664_2": 0.0, "7_TVA_664_2": 0.0, "8_A_664_2": 0.0, "9_0.00%_664_2": 0.0, "10_Taux_664_2": 0.5, "11_Base_664_2": 0.0, "12_TVA_664_2": 0.0, "13_TVA_664_2": 0.0, "14_Information_664_2": 0.0, "15_TVA_664_2": 0.0, "16_11,07\u20ac_664_2": 0.3333333333333333, "0_ _receipt_00530_0": 5.0, "0_ _receipt_00618_0": 6.0, "0_PKT_receipt_00562_0": 0.0, "1_AYAM_receipt_00562_0": 0.0, "2_33,000_receipt_00562_0": 0.0, "0_echange_507_1": 0.0, "1_repriis_507_1": 0.2857142857142857, "2_Solde_507_1": 0.0, "3_ni_507_1": 0.0, "4_ni_507_1": 0.0, "5_17:49:12_507_1": 0.0, "6_06/03/2017_507_1": 0.0, "7_000276_507_1": 0.0, "8_005_507_1": 0.0, "9_0113_507_1": 1.0, "10_8.02\u20ac_507_1": 0.4, "11_CONTACT_507_1": 0.0, "12_EUR_507_1": 0.0, "13_CB_507_1": 0.0, "14_EMV_507_1": 0.0, "15_SANS_507_1": 0.0, "16_PAYER_507_1": 0.0, "17_8.02\u20ac_507_1": 0.4, "18_TOTAL_507_1": 0.0, "19_ARTICLE_507_1": 0.0, "20_A_507_1": 0.0, "21_(S)_507_1": 0.3333333333333333, "22_3_507_1": 0.0, "23_3.92s_507_1": 0.4, "24_/_507_1": 1.0, "25_BEAUTE_507_1": 0.0, "26_SANTE_507_1": 0.0, "27_/_507_1": 1.0, "28_HYGIENE_507_1": 0.0, "29_TOTAL_507_1": 0.0, "30_3.92\u20ac_507_1": 0.4, "31_P.HY.3P_507_1": 0.0, "32_CRF_507_1": 0.0, "33_12_507_1": 0.0, "34_RLX_507_1": 0.3333333333333333, "35_4.10\u20ac_507_1": 0.4, "36_ALIMENTAIRE_507_1": 0.09090909090909091, "37_TOTAL_507_1": 0.0, "38_1.85\u20ac_507_1": 0.6, "39_CAMP.400G_507_1": 0.3333333333333333, "40_*PASTIN_507_1": 0.0, "41_2.25\u20ac_507_1": 0.6, "42_CEREALES_507_1": 0.0, "43_BIO_507_1": 0.3333333333333333, "44_*PAIN_507_1": 0.6, "0_Kembalian_receipt_00683_1": 0.1111111111111111, "1_0_receipt_00683_1": 2.0, "2_102000_receipt_00683_1": 0.3333333333333333, "3_Tunai_receipt_00683_1": 0.4, "4_102000_receipt_00683_1": 0.16666666666666666, "5_Sub_receipt_00683_1": 0.3333333333333333, "6_Total_receipt_00683_1": 0.2, "0_PB1_receipt_00551_1": 0.3333333333333333, "1_10%_receipt_00551_1": 0.0, "2_26,670_receipt_00551_1": 0.16666666666666666, "3_SVC_receipt_00551_1": 1.0, "4_5%_receipt_00551_1": 0.5, "5_12,700_receipt_00551_1": 0.16666666666666666, "6_SUBTTL_receipt_00551_1": 0.16666666666666666, "7_254,000_receipt_00551_1": 0.0, "8_RAMEN_receipt_00551_1": 0.0, "9_AYAM_receipt_00551_1": 0.0, "10_3_receipt_00551_1": 1.0, "11_SPECIAL_receipt_00551_1": 0.0, "12_186,000_receipt_00551_1": 0.0, "13_OCHA_receipt_00551_1": 0.0, "14_DINGIN_receipt_00551_1": 0.16666666666666666, "15_3_receipt_00551_1": 1.0, "16_36,000_receipt_00551_1": 0.0, "17_GYOZA_receipt_00551_1": 0.2, "18_AYAM_receipt_00551_1": 0.5, "19_GORENG_receipt_00551_1": 0.0, "20_1_receipt_00551_1": 1.0, "21_32,000_receipt_00551_1": 0.0, "0_CHANGE_receipt_00779_1": 0.0, "1_5,001_receipt_00779_1": 0.0, "2_CASH_receipt_00779_1": 0.0, "3_20,000_receipt_00779_1": 0.0, "4_TOTAL_receipt_00779_1": 0.0, "5_14,999_receipt_00779_1": 0.16666666666666666, "6_2.00xITEMs_receipt_00779_1": 0.1, "7_AMOUNT_receipt_00779_1": 0.0, "8_1,363_receipt_00779_1": 0.2, "9_PB1_receipt_00779_1": 0.0, "10_10%_receipt_00779_1": 0.0, "11_10.000%_receipt_00779_1": 0.0, "12_SUBTOTAL_receipt_00779_1": 0.0, "13_13,636_receipt_00779_1": 0.3333333333333333, "14_MINERALWATER_receipt_00779_1": 0.08333333333333333, "15_5,454_receipt_00779_1": 0.0, "16_1X_receipt_00779_1": 1.0, "17_@5454_receipt_00779_1": 0.0, "18_RISOL_receipt_00779_1": 0.0, "19_ROGUT_receipt_00779_1": 0.0, "20_8,182_receipt_00779_1": 0.0, "0_DEBIT_receipt_00634_1": 0.0, "1_BCA:_receipt_00634_1": 0.0, "2_42,000_receipt_00634_1": 0.0, "3_Total._receipt_00634_1": 0.0, "4_42,000_receipt_00634_1": 0.0, "5_ITEMS:_receipt_00634_1": 0.0, "6_42,000_receipt_00634_1": 0.0, "7_1_receipt_00634_1": 1.0, "8_- Sedang_receipt_00634_1": 0.125, "9_1_receipt_00634_1": 2.0, "10_0_receipt_00634_1": 1.0, "11_42,000_receipt_00634_1": 0.0, "12_1_receipt_00634_1": 1.0, "13_Seaweed_receipt_00634_1": 0.0, "14_Chicken_receipt_00634_1": 0.14285714285714285, "0_441,350_receipt_00623_1": 0.0, "1_DUE_receipt_00623_1": 0.0, "2_29,100_receipt_00623_1": 0.0, "3_SERVICE_receipt_00623_1": 0.0, "4_CHARGE_receipt_00623_1": 0.16666666666666666, "5_48,500_receipt_00623_1": 0.0, "6_TAX_receipt_00623_1": 1.0, "7_363,750_receipt_00623_1": 0.0, "8_SUBTOTAL_receipt_00623_1": 0.0, "9_20,000_receipt_00623_1": 0.0, "10_OTHERS_receipt_00623_1": 0.0, "11_50,000_receipt_00623_1": 0.0, "12_BEVERAGES_receipt_00623_1": 0.0, "13_415,000_receipt_00623_1": 0.0, "14_FOOD_receipt_00623_1": 0.25, "15_121,250 -_receipt_00623_1": 0.1111111111111111, "16_25%_receipt_00623_1": 0.0, "17_DISC_receipt_00623_1": 0.75, "18_MANDIRI_receipt_00623_1": 0.14285714285714285, "19_26,000_receipt_00623_1": 0.0, "20_OPEN_receipt_00623_1": 0.25, "21_DESSERT_receipt_00623_1": 0.0, "22_1_receipt_00623_1": 1.0, "23_GUILINGGAO_receipt_00623_1": 0.1, "24_24,000_receipt_00623_1": 0.0, "25_@12,000_receipt_00623_1": 0.14285714285714285, "26_TEH_receipt_00623_1": 0.3333333333333333, "27_TAW_receipt_00623_1": 1.0, "28_ES_receipt_00623_1": 0.5, "29_2_receipt_00623_1": 1.0, "30_20,000_receipt_00623_1": 0.0, "31_@10,000_receipt_00623_1": 0.14285714285714285, "32_NASI_receipt_00623_1": 1.0, "33_PUTIH_receipt_00623_1": 0.4, "34_2_receipt_00623_1": 2.0, "35_=*MEDIUM*=_receipt_00623_1": 0.6, "36_78,000_receipt_00623_1": 0.0, "37_TRM_receipt_00623_1": 0.6666666666666666, "38_JPG_receipt_00623_1": 1.0, "39_S_receipt_00623_1": 1.0, "40_TAHU_receipt_00623_1": 0.75, "41_1_receipt_00623_1": 1.0, "42_=*MEDIUM*=_receipt_00623_1": 1.0, "43_147,000_receipt_00623_1": 0.0, "44_MAYONAISE_receipt_00623_1": 0.7777777777777778, "45_UDG_receipt_00623_1": 1.0, "46_GR_receipt_00623_1": 1.5, "47_1_receipt_00623_1": 1.0, "48_72,000_receipt_00623_1": 0.0, "49_TELUR_receipt_00623_1": 0.4, "50_POCAI_receipt_00623_1": 1.0, "51_3_receipt_00623_1": 1.0, "52_1_receipt_00623_1": 2.0, "0_Vignette(s)_248_3": 0.09090909090909091, "1_par_248_3": 0.0, "2_operation_248_3": 0.0, "3_Bravo_248_3": 0.0, "4_vous_248_3": 0.0, "5_avez_248_3": 0.0, "6_cumule_248_3": 0.0, "7_2.0_248_3": 0.0, "0_Carte_517_2": 0.0, "1_:_517_2": 1.0, "2_BANCAIRE_517_2": 0.0, "3_40.98\u20ac_517_2": 0.3333333333333333, "4_EMV_517_2": 0.0, "5_EUR_517_2": 0.0, "6_CARTE_517_2": 0.0, "7_ARTICLE(S)_517_2": 0.0, "8_A_517_2": 0.0, "9_PAYER_517_2": 0.0, "10_40.98\u20ac_517_2": 0.3333333333333333, "11_12_517_2": 0.0, "12_TOTAL_517_2": 0.0, "13_AVANTAGES_517_2": 0.2222222222222222, "14_DU_517_2": 1.0, "15_-3.05\u20ac_517_2": 0.3333333333333333, "16_TOTAL_517_2": 0.0, "17_DES_517_2": 0.0, "18_JOUR_517_2": 0.0, "19_IMMEDIATES_517_2": 0.3, "20_-3.05\u20ac_517_2": 0.3333333333333333, "21_TOTAL_517_2": 0.0, "22_REMISES_517_2": 0.0, "23_ARTICLE(S)_517_2": 0.0, "24_AVANT_517_2": 0.0, "25_REMISES_517_2": 0.0, "26_44.03\u20ac_517_2": 0.3333333333333333, "27_TOTAL_517_2": 0.0, "28_12_517_2": 0.0, "0_DESCRIPTION_429_0": 0.0, "1_QTE_429_0": 0.3333333333333333, "2_MONTANT_429_0": 0.2857142857142857, "3_Tel_429_0": 0.0, "4_17000_429_0": 0.0, "5_ROCHELLE_429_0": 0.0, "6_LA_429_0": 0.0, "7_33_429_0": 1.0, "8_RUE_429_0": 0.0, "9_DE_429_0": 0.0, "10_SCIERIE_429_0": 0.0, "11_LA_429_0": 0.0, "12_CRF-CITY_429_0": 0.0, "13_LA_429_0": 0.0, "14_ROCHELLE_429_0": 0.0, "0_est_751_2": 1.0, "1_interdite_751_2": 0.0, "2_produits_751_2": 0.0, "3_Rocher_751_2": 0.0, "4_Yves_751_2": 0.0, "5_revente_751_2": 0.0, "6_ces_751_2": 0.0, "7_de_751_2": 0.0, "8_La_751_2": 1.0, "9_bientot_751_2": 0.14285714285714285, "10_et_751_2": 0.0, "11_a_751_2": 0.0, "12_Merci_751_2": 0.0, "0_31-03-2017_706_2": 0.1, "1_9533_706_2": 0.0, "2_0195110638_706_2": 0.0, "3_18:26_706_2": 0.0, "4_\u20ac16.22_706_2": 0.8333333333333334, "5_1.38_706_2": 0.0, "6_Total_706_2": 0.0, "7_10.72_706_2": 0.2, "8_1.08_706_2": 0.0, "9_16.00_706_2": 0.0, "10_4_706_2": 1.0, "11_5.50_706_2": 0.0, "12_5.50_706_2": 0.25, "13_0.30_706_2": 1.0, "14_type_706_2": 0.0, "15_TVA_706_2": 0.0, "16_Net_706_2": 0.0, "17_Montant_706_2": 0.0, "18_CARTES_706_2": 0.0, "19_VENTE_706_2": 0.0, "20_AC:_706_2": 0.0, "21_AID:_706_2": 0.25, "22_Id._706_2": 0.3333333333333333, "23_commerc.:_706_2": 0.1111111111111111, "24_300033884160_706_2": 0.16666666666666666, "0_DEBIT_796_2": 0.0, "1_325.09_796_2": 0.16666666666666666, "2_FRF_796_2": 0.3333333333333333, "3_Pour_796_2": 0.0, "4_49.56_796_2": 0.2, "5_EUR_796_2": 0.0, "6_MONTANT_796_2": 0.0, "7_REEL_796_2": 0.0, "8_@_796_2": 1.0, "9_012_796_2": 0.0, "10_500_796_2": 0.0, "11_023822_796_2": 0.0, "12_000038_796_2": 0.0, "13_2590746_796_2": 0.0, "14_17_796_2": 0.0, "15_ANGOU_796_2": 0.0, "16_A_796_2": 0.0, "17_LE_796_2": 0.0, "0_Z=GST_X51005337867_3": 0.2, "1_@0%:_X51005337867_3": 0.0, "2_0.00_X51005337867_3": 0.0, "3_0.00_X51005337867_3": 0.0, "4_28.53_X51005337867_3": 0.0, "5_S=GST_X51005337867_3": 0.0, "6_@6%:_X51005337867_3": 0.25, "7_1.71_X51005337867_3": 0.0, "8_GSTSummary_X51005337867_3": 0.0, "9_GST_X51005337867_3": 0.0, "10_(RM)_X51005337867_3": 0.0, "11_(RM)_X51005337867_3": 0.0, "12_Amount_X51005337867_3": 0.0, "13_GST_X51005337867_3": 0.0, "14_@6%_X51005337867_3": 0.0, "15_included_X51005337867_3": 0.0, "16_in_X51005337867_3": 0.5, "17_total_X51005337867_3": 0.0, "18_COME_X51005337867_3": 0.0, "19_PLEASE_X51005337867_3": 0.0, "20_AGAIN_X51005337867_3": 0.0, "21_THANK_X51005337867_3": 0.0, "22_YOU_X51005337867_3": 0.6666666666666666, "0_Change_receipt_00177_1": 0.6666666666666666, "1_12,500_receipt_00177_1": 0.0, "2_Cash_receipt_00177_1": 0.25, "3_150,000_receipt_00177_1": 0.14285714285714285, "4_Netto_receipt_00177_1": 0.2, "5_137,500_receipt_00177_1": 0.2857142857142857, "6_PB1_receipt_00177_1": 0.6666666666666666, "7_12,500_receipt_00177_1": 0.0, "8_Total_receipt_00177_1": 0.0, "9_Sub_receipt_00177_1": 1.0, "10_125,000_receipt_00177_1": 0.0, "11_0515103_receipt_00177_1": 0.0, "12_3_receipt_00177_1": 1.0, "13_29,000_receipt_00177_1": 0.16666666666666666, "14_87,000_receipt_00177_1": 0.3333333333333333, "15_KOCOK_receipt_00177_1": 0.4, "16_MIE_receipt_00177_1": 0.6666666666666666, "0_Debet_receipt_00210_1": 0.4, "1_Card_receipt_00210_1": 0.5, "2_96.000_receipt_00210_1": 0.3333333333333333, "3_Total._receipt_00210_1": 0.0, "4_96.000_receipt_00210_1": 0.0, "5_Total_receipt_00210_1": 0.2, "6_Item:_receipt_00210_1": 0.0, "7_3_receipt_00210_1": 1.0, "8_0_receipt_00210_1": 1.0, "9_0_receipt_00210_1": 1.0, "10_x1_receipt_00210_1": 1.0, "11_6002-Plastic_receipt_00210_1": 0.16666666666666666, "12_Bag_receipt_00210_1": 0.6666666666666666, "13_Medium_receipt_00210_1": 0.0, "14_40.000_receipt_00210_1": 0.0, "15_40.000_receipt_00210_1": 0.0, "16_x1_receipt_00210_1": 1.5, "17_4003-Blueberry_receipt_00210_1": 0.07142857142857142, "18_Fuji_receipt_00210_1": 0.25, "19_56.000_receipt_00210_1": 0.0, "20_x1_receipt_00210_1": 1.0, "21_56.000_receipt_00210_1": 0.0, "22_5001-Corn_receipt_00210_1": 0.1111111111111111, "23_Flakes_receipt_00210_1": 0.16666666666666666, "24_Cookies_receipt_00210_1": 0.5714285714285714, "0_ _receipt_00060_0": 2.0, "0_Echange_774_1": 0.2857142857142857, "1_presenta:ion_774_1": 0.08333333333333333, "2_sur_774_1": 0.0, "3_du_774_1": 0.0, "4_ticket_774_1": 0.0, "5_Merci_774_1": 0.0, "6_de_774_1": 0.5, "7_votre_774_1": 0.0, "8_visite_774_1": 0.16666666666666666, "9_63_774_1": 1.0, "10_6000_774_1": 0.75, "11_9100_774_1": 1.25, "12_3002_774_1": 1.75, "13_8:55_774_1": 0.75, "14_:_774_1": 2.0, "15_TICKET_774_1": 0.0, "16_288556_774_1": 0.16666666666666666, "17_13:57:52_774_1": 0.375, "18_A_774_1": 0.0, "19_:_774_1": 1.0, "20_CAISSE_774_1": 0.16666666666666666, "21_186_774_1": 0.0, "22_01_774_1": 0.0, "23_LE_774_1": 0.0, "24_14/01/2017_774_1": 0.0, "25_-_774_1": 1.0, "26_6,90_774_1": 0.25, "27_BANCAIRE_774_1": 0.125, "28_CARTE_774_1": 0.0, "29_PAIEMENT_774_1": 0.125, "30_EN_774_1": 0.0, "31_EURO_774_1": 0.0, "32_6,90_774_1": 0.5, "33_NET_774_1": 0.0, "34_A_774_1": 0.0, "35_PAYER_774_1": 0.0, "36_EN_774_1": 0.0, "37_EURO_774_1": 0.25, "38_6,90_774_1": 0.5, "39_6,90_774_1": 0.5, "40_10187240_774_1": 0.125, "41_PETITE_774_1": 0.0, "42_SOIR_774_1": 0.0, "43_PHILO_774_1": 0.0, "0_44,000_receipt_00078_0": 0.16666666666666666, "1_CHANGE_receipt_00078_0": 0.0, "2_DUE_receipt_00078_0": 0.0, "3_IDR_receipt_00078_0": 0.6666666666666666, "4_100,000_receipt_00078_0": 0.0, "5_CASH_receipt_00078_0": 0.0, "6_GRAND_receipt_00078_0": 0.0, "7_TOTAL_receipt_00078_0": 0.2, "8_56,000_receipt_00078_0": 0.16666666666666666, "9_TOTAL_receipt_00078_0": 0.8, "10_SUB_receipt_00078_0": 1.0, "11_56,000_receipt_00078_0": 0.16666666666666666, "12_x_receipt_00078_0": 0.0, "13_28,000_receipt_00078_0": 0.16666666666666666, "14_2_receipt_00078_0": 0.0, "15_56,000_receipt_00078_0": 0.16666666666666666, "16_CREAM_receipt_00078_0": 0.0, "17_CHEESE_receipt_00078_0": 1.0, "18_ALMOND_receipt_00078_0": 0.0, "0_GRAND_receipt_00614_1": 0.4, "1_TOTAL_receipt_00614_1": 0.8, "2_201.900_receipt_00614_1": 0.14285714285714285, "3_Rounding_receipt_00614_1": 0.125, "4_Off_receipt_00614_1": 1.0, "5_- 27_receipt_00614_1": 1.0, "6_Others_receipt_00614_1": 0.3333333333333333, "7_18.357_receipt_00614_1": 0.0, "8_Service_receipt_00614_1": 0.2857142857142857, "9_9.570_receipt_00614_1": 0.0, "10_Discount_receipt_00614_1": 0.375, "11_(0)_receipt_00614_1": 0.0, "12_Sub_receipt_00614_1": 0.0, "13_Total_receipt_00614_1": 0.2, "14_174.000_receipt_00614_1": 0.0, "15_fettucine_receipt_00614_1": 0.0, "16_1_receipt_00614_1": 1.0, "17_65.000_receipt_00614_1": 0.0, "18_Hubert_receipt_00614_1": 0.0, "19_chicken_receipt_00614_1": 0.14285714285714285, "20_capers_receipt_00614_1": 0.16666666666666666, "21_1_receipt_00614_1": 1.0, "22_Heavy_receipt_00614_1": 0.0, "23_49.000_receipt_00614_1": 0.0, "24_alvin_receipt_00614_1": 0.2, "25_potato_receipt_00614_1": 0.16666666666666666, "26_35.000_receipt_00614_1": 0.0, "27_1_receipt_00614_1": 1.0, "28_Banana_receipt_00614_1": 0.0, "29_Milkshake_receipt_00614_1": 0.0, "0_ _receipt_00416_0": 2.0, "0_CASH_receipt_00793_1": 0.0, "1_ITEMS_receipt_00793_1": 0.4, "2_1Q_receipt_00793_1": 0.5, "0_ZRL_X51005447840_1": 0.0, "1_WALK_X51005447840_1": 0.0, "2_0.50_X51005447840_1": 0.0, "3_0.50_X51005447840_1": 0.25, "4_0.50_X51005447840_1": 0.25, "5_1_X51005447840_1": 0.0, "6_plus_X51005447840_1": 0.0, "7_22g_X51005447840_1": 0.0, "8_Cloud_X51005447840_1": 0.0, "9_9_X51005447840_1": 0.0, "10_WALK_X51005447840_1": 0.0, "11_ZRL_X51005447840_1": 0.0, "12_1_X51005447840_1": 0.0, "13_4.50_X51005447840_1": 0.0, "14_4.50_X51005447840_1": 0.0, "15_4.50_X51005447840_1": 0.25, "16_MAGNUM_X51005447840_1": 0.0, "17_ALMOND_X51005447840_1": 0.0, "18_90ML_X51005447840_1": 0.25, "19_1.60_X51005447840_1": 0.0, "20_1.60_X51005447840_1": 0.25, "21_ZRL_X51005447840_1": 0.0, "22_1_X51005447840_1": 0.0, "23_WALK_X51005447840_1": 0.0, "24_60_X51005447840_1": 0.0, "25_CHOCOLATE_X51005447840_1": 0.0, "26_73ML_X51005447840_1": 0.0, "27_WALL'S_X51005447840_1": 0.0, "28_TOPTEN_X51005447840_1": 0.0, "29_1.60_X51005447840_1": 0.0, "30_1.60_X51005447840_1": 0.0, "31_ZRL_X51005447840_1": 0.0, "32_WALK_X51005447840_1": 0.0, "33_1.60_X51005447840_1": 0.0, "34_1_X51005447840_1": 0.0, "35_CHOCOLATE_X51005447840_1": 0.0, "36_73ML_X51005447840_1": 0.0, "37_TOPTEN_X51005447840_1": 0.0, "38_WALL'S_X51005447840_1": 0.0, "39_Price_X51005447840_1": 0.0, "40_Tax_X51005447840_1": 0.0, "41_Code_X51005447840_1": 0.0, "42_Tax_X51005447840_1": 0.0, "43_Exc._X51005447840_1": 0.0, "44_Amt_X51005447840_1": 0.0, "45_Inc._X51005447840_1": 0.25, "46_GST_X51005447840_1": 0.0, "47_UNITAmt_X51005447840_1": 0.14285714285714285, "48_QTY_X51005447840_1": 1.0, "49_UOM_X51005447840_1": 0.3333333333333333, "50_CASHIER:_X51005447840_1": 0.125, "51_1_X51005447840_1": 0.0, "52_COUNTER_X51005447840_1": 0.0, "53_3_X51005447840_1": 0.0, "54_TRN:_X51005447840_1": 0.25, "0_BIENTOT_258_2": 0.0, "1_A_258_2": 0.0, "0_TAX_receipt_00707_1": 0.3333333333333333, "1_10,455_receipt_00707_1": 0.5, "2_SUBTOTAL_receipt_00707_1": 0.375, "3_104,545_receipt_00707_1": 0.7142857142857143, "4_1_receipt_00707_1": 3.0, "5_SC/P_receipt_00707_1": 0.75, "6_BEEF_receipt_00707_1": 0.5, "7_MAYO_receipt_00707_1": 0.75, "8_DEL_receipt_00707_1": 0.6666666666666666, "9_1_receipt_00707_1": 0.0, "10_DEL_receipt_00707_1": 0.6666666666666666, "11_1_receipt_00707_1": 3.0, "12_LEMON_receipt_00707_1": 0.4, "13_TEA_receipt_00707_1": 0.3333333333333333, "14_HANGAT_receipt_00707_1": 0.3333333333333333, "15_DEL_receipt_00707_1": 1.0, "16_1_receipt_00707_1": 1.0, "17_MAC_receipt_00707_1": 0.3333333333333333, "18_N_receipt_00707_1": 2.0, "19_CHEESE_receipt_00707_1": 0.3333333333333333, "20_DEL_receipt_00707_1": 1.0, "0_Again_X51005365179_2": 0.2, "1_Thank_X51005365179_2": 0.0, "2_You._X51005365179_2": 0.0, "3_Please_X51005365179_2": 0.0, "4_Come_X51005365179_2": 0.0, "5_!_X51005365179_2": 1.0, "0_magasins._723_4": 0.1111111111111111, "1_conditions_723_4": 0.0, "2_Voir_723_4": 0.0, "3_en_723_4": 0.0, "4_magasins._723_4": 0.3333333333333333, "5_dans_723_4": 0.0, "6_tous_723_4": 0.0, "7_les_723_4": 0.0, "8_presentation_723_4": 0.0, "9_sur_723_4": 0.0, "10_du_723_4": 0.5, "11_ticket_723_4": 0.0, "12_de_723_4": 0.0, "13_caisse_723_4": 0.0, "14_sauf_723_4": 0.0, "15_carte_723_4": 0.0, "16_cadeau_723_4": 0.0, "17_porte,_723_4": 0.0, "18_lave,_723_4": 0.0, "19_retouche)_723_4": 0.0, "20_ni_723_4": 0.0, "21_non_723_4": 0.0, "22_ni_723_4": 0.0, "23_iquette_723_4": 0.0, "24_d'origine,_723_4": 0.0, "25_(article_723_4": 0.0, "26_avec_723_4": 0.0, "27_et_723_4": 0.0, "28_Echange_723_4": 0.14285714285714285, "29_et_723_4": 0.5, "30_sous_723_4": 0.25, "31_1_723_4": 0.0, "32_mois_723_4": 0.0, "33_Metropole_723_4": 0.0, "34_RCS_723_4": 0.0, "35_397_723_4": 0.0, "36_555_723_4": 0.3333333333333333, "37_327_723_4": 0.3333333333333333, "38_Lille_723_4": 0.0, "0_ _receipt_00122_0": 2.0, "0_CARREFOUR_468_1": 0.0, "1_MARKET_468_1": 0.0, "2_AYTRE_468_1": 0.0, "3_repris_468_1": 0.0, "4_echange_468_1": 0.0, "5_Solde_468_1": 0.0, "6_ni_468_1": 0.0, "7_ni_468_1": 0.0, "8_21/04/2017_468_1": 0.0, "9_000144_468_1": 0.0, "10_18:26:17_468_1": 0.0, "11_0114_468_1": 0.5, "12_010_468_1": 0.0, "13_4.54\u20ac_468_1": 0.4, "14_EUR_468_1": 0.0, "15_CARTE_468_1": 0.0, "16_BANCAIRE_468_1": 0.125, "17_EMV_468_1": 0.3333333333333333, "18_(S)_468_1": 0.6666666666666666, "19_4.54\u20ac_468_1": 0.6, "20_ARTICLE_468_1": 0.0, "21_TOTAL_468_1": 0.0, "22_A_468_1": 0.0, "23_PAYER_468_1": 0.0, "24_5_468_1": 0.0, "25_4.54\u20ac_468_1": 0.4, "26_TOTAL_468_1": 0.0, "27_ALINENTAIRE_468_1": 0.2727272727272727, "28_8_468_1": 1.0, "29_0.18_468_1": 0.0, "30_0.36\u20ac_468_1": 0.4, "31_1.5L_468_1": 0.25, "32_*CRISTALINE_468_1": 0.2727272727272727, "33_7x_468_1": 1.5, "34_0.78_468_1": 0.0, "35_1.56\u20ac_468_1": 0.0, "36_1/2ECRE_468_1": 0.0, "37_LAIT_468_1": 0.0, "38_*BP_468_1": 1.0, "39_1L_468_1": 0.5, "40_2.62\u20ac_468_1": 0.4, "41_NES_468_1": 0.3333333333333333, "42_1006_468_1": 0.25, "43_NESCAFE_468_1": 0.0, "0_583,968_receipt_00750_2": 0.2857142857142857, "1_BCA_receipt_00750_2": 0.0, "2_MASTER_receipt_00750_2": 0.0, "3_583,968_receipt_00750_2": 0.7142857142857143, "4_TOTAL_receipt_00750_2": 0.4, "5_53,088_receipt_00750_2": 0.16666666666666666, "6_TAX_receipt_00750_2": 0.6666666666666666, "7_10%_receipt_00750_2": 0.0, "8_25,280_receipt_00750_2": 0.16666666666666666, "9_Services_receipt_00750_2": 0.0, "10_5%_receipt_00750_2": 0.5, "11_505,600_receipt_00750_2": 0.2857142857142857, "12_SUBTOTAL_receipt_00750_2": 0.125, "0_655,292_receipt_00232_1": 0.0, "1_TOTAL_receipt_00232_1": 0.0, "2_PB1_receipt_00232_1": 0.3333333333333333, "3_59,572_receipt_00232_1": 0.16666666666666666, "4_Charge_receipt_00232_1": 0.0, "5_33,720_receipt_00232_1": 0.16666666666666666, "6_Service_receipt_00232_1": 0.0, "7_562,000_receipt_00232_1": 0.14285714285714285, "8_SUBTTL_receipt_00232_1": 0.0, "9_FOOD_receipt_00232_1": 0.75, "10_522,000_receipt_00232_1": 0.14285714285714285, "11_378,000_receipt_00232_1": 0.0, "12_MARBLED_receipt_00232_1": 0.0, "13_STEAK_receipt_00232_1": 0.0, "14_200gr_receipt_00232_1": 0.2, "15_SIRLOIN_receipt_00232_1": 0.0, "16_2_receipt_00232_1": 0.0, "17_45,000_receipt_00232_1": 0.0, "18_SALAD_receipt_00232_1": 0.0, "19_1_receipt_00232_1": 0.0, "20_WAKI_receipt_00232_1": 0.25, "21_99,000_receipt_00232_1": 0.0, "22_1_receipt_00232_1": 0.0, "23_JYO_receipt_00232_1": 1.0, "24_30%_receipt_00232_1": 0.0, "25_HARAMI_receipt_00232_1": 0.16666666666666666, "0_CHANGE_receipt_00384_1": 0.0, "1_DUE_receipt_00384_1": 0.0, "2_24,000_receipt_00384_1": 0.0, "3_CASHIDR_receipt_00384_1": 0.14285714285714285, "4_50,000_receipt_00384_1": 0.16666666666666666, "5_GRAND TOTAL_receipt_00384_1": 0.09090909090909091, "6_26,000_receipt_00384_1": 0.16666666666666666, "0_25,500_receipt_00017_1": 0.0, "1_CHANGE_receipt_00017_1": 0.16666666666666666, "2_50,000_receipt_00017_1": 0.0, "3_CASH_receipt_00017_1": 0.0, "4_24,500_receipt_00017_1": 0.0, "5_DUE_receipt_00017_1": 0.0, "6_PCS_receipt_00017_1": 0.0, "7_3_receipt_00017_1": 1.0, "8_24,500_receipt_00017_1": 0.0, "9_ITEM:_receipt_00017_1": 0.0, "10_SUBTOTAL_receipt_00017_1": 0.125, "11_3_receipt_00017_1": 2.0, "12_7,500_receipt_00017_1": 0.2, "13_RB._receipt_00017_1": 0.0, "14_SISIR_receipt_00017_1": 0.2, "15_PANDAN_receipt_00017_1": 0.16666666666666666, "16_1_receipt_00017_1": 1.0, "17_9,000_receipt_00017_1": 0.0, "18_CREPES_receipt_00017_1": 0.16666666666666666, "19_TUNA_receipt_00017_1": 0.0, "20_1_receipt_00017_1": 1.0, "21_RB._receipt_00017_1": 0.0, "22_8,000_receipt_00017_1": 0.0, "23_1_receipt_00017_1": 1.0, "24_RB._receipt_00017_1": 0.0, "25_COKLAT_receipt_00017_1": 0.0, "26_BAR_receipt_00017_1": 0.0, "0_PAM_747_0": 0.0, "1_Espresso_747_0": 0.0, "2_1.85_747_0": 0.25, "3_16Dec'16_747_0": 0.125, "4_06:34_747_0": 0.0, "5_Chk_747_0": 0.0, "6_3032_747_0": 0.0, "7_Gst_747_0": 0.0, "8_0_747_0": 0.0, "9_1500092_747_0": 0.0, "10_Chaneze_747_0": 0.0, "11_-_747_0": 0.0, "12_Lyon_747_0": 0.0, "13_Gare_747_0": 0.0, "14_de_747_0": 0.0, "15_PARIS_747_0": 0.0, "16_Louis_747_0": 0.0, "17_Place_747_0": 0.0, "18_Armand_747_0": 0.0, "19_manger_747_0": 0.0, "20_Pret_747_0": 0.0, "21_a_747_0": 0.0, "22_France_747_0": 0.0, "23_SSP_747_0": 0.0, "0_DESCRIPTION_539_0": 0.0, "1_QTE_539_0": 0.3333333333333333, "2_MONTANT_539_0": 0.0, "3_:_539_0": 2.0, "4_Tel_539_0": 0.0, "5_45000_539_0": 0.0, "6_ORLEANS_539_0": 0.0, "7_1,_539_0": 1.0, "8_RUE_539_0": 0.0, "9_DU_539_0": 2.0, "10_GRENIER_539_0": 0.0, "11_A_539_0": 0.0, "12_SEL_539_0": 0.0, "13_CARREFOUR_539_0": 0.0, "14_CITY_539_0": 0.0, "15_ORLEANS_539_0": 0.0, "0_BIENTOT_70_1": 0.0, "1_MERCI_70_1": 0.0, "2_DE_70_1": 0.0, "3_VOTRE_70_1": 0.0, "4_VISITE_70_1": 0.0, "5_0001_70_1": 0.0, "6_004_70_1": 0.0, "7_000678_70_1": 0.0, "8_13/12/2016_70_1": 0.1, "9_21:20:31_70_1": 0.0, "10_CARTE_70_1": 0.0, "11_BANCAIRE_70_1": 0.0, "12_EMV_70_1": 0.6666666666666666, "13_EUR_70_1": 0.0, "14_21.30\u20ac_70_1": 0.3333333333333333, "15_1_70_1": 0.0, "16_ARTICLE_70_1": 0.0, "17_(S)_70_1": 0.6666666666666666, "18_TOTAL_70_1": 0.0, "19_A_70_1": 0.0, "20_PAYER_70_1": 0.0, "21_21.30\u20ac_70_1": 0.3333333333333333, "22_*CH.C.DUCHENE_70_1": 0.0, "23_BRUT_70_1": 0.0, "24_21.30\u20ac_70_1": 0.3333333333333333, "0_127,500_receipt_00436_1": 0.42857142857142855, "1_card._receipt_00436_1": 0.2, "2_BCA_receipt_00436_1": 1.0, "3_Total_receipt_00436_1": 0.0, "4_Qty_receipt_00436_1": 0.6666666666666666, "5_Total_receipt_00436_1": 0.0, "6_item_receipt_00436_1": 0.25, "7_4_receipt_00436_1": 1.0, "8_4_receipt_00436_1": 1.0, "9_127,500_receipt_00436_1": 0.14285714285714285, "10_TOTAL_receipt_00436_1": 0.0, "11_PB1_receipt_00436_1": 1.0, "12_10%_receipt_00436_1": 0.6666666666666666, "13_11,591_receipt_00436_1": 1.0, "14_SUBTOTAL_receipt_00436_1": 0.25, "15_115,908_receipt_00436_1": 0.5714285714285714, "16_(_receipt_00436_1": 1.0, "17_6,818)_receipt_00436_1": 0.0, "18_POTONGAN_receipt_00436_1": 0.25, "19_15%_receipt_00436_1": 0.6666666666666666, "20_1_receipt_00436_1": 1.0, "21_C.KATSU_receipt_00436_1": 0.14285714285714285, "22_NOODLE_receipt_00436_1": 0.5, "23_HP_receipt_00436_1": 1.0, "24_45,454_receipt_00436_1": 1.0, "25_1_receipt_00436_1": 0.0, "26_GYU_receipt_00436_1": 1.0, "27_MOZZA_receipt_00436_1": 1.0, "28_DON_receipt_00436_1": 1.0, "29_53,636_receipt_00436_1": 0.16666666666666666, "30_1_receipt_00436_1": 1.0, "31_CHICKEN_receipt_00436_1": 0.0, "32_SKIN_receipt_00436_1": 0.0, "33_10,909_receipt_00436_1": 0.0, "34_JAPANEESE_receipt_00436_1": 0.1111111111111111, "35_GR_receipt_00436_1": 1.0, "36_TEA_receipt_00436_1": 1.0, "37_HOT_receipt_00436_1": 1.0, "38_1_receipt_00436_1": 1.0, "39_12,727_receipt_00436_1": 0.5, "0_59,000_receipt_00629_1": 0.16666666666666666, "1_Pay_receipt_00629_1": 0.0, "2_Cash_receipt_00629_1": 0.0, "3_100,000_receipt_00629_1": 0.14285714285714285, "4_41,000_receipt_00629_1": 0.16666666666666666, "5_Total_receipt_00629_1": 0.2, "6_ITEMS:_receipt_00629_1": 0.5, "7_1_receipt_00629_1": 1.0, "8_0_receipt_00629_1": 1.0, "9_Tidak_receipt_00629_1": 0.0, "10_Pedas_receipt_00629_1": 0.0, "11_1_receipt_00629_1": 1.0, "12_-_receipt_00629_1": 0.0, "13_41,000_receipt_00629_1": 0.3333333333333333, "14_Rice_receipt_00629_1": 0.0, "15_Box_receipt_00629_1": 0.6666666666666666, "16_1_receipt_00629_1": 1.0, "0_Vignette(s)_254_2": 0.0, "1_operation_254_2": 0.0, "2_par_254_2": 0.0, "3_Bravo_254_2": 0.2, "4_vous_254_2": 0.0, "5_avez_254_2": 0.0, "6_cumule_254_2": 0.0, "7_1.0_254_2": 0.0, "8_BIENTOT_254_2": 0.0, "9_A_254_2": 0.0, "10_Vous_254_2": 0.0, "11_remercie_254_2": 0.0, "12_de_254_2": 0.5, "13_votre_254_2": 0.0, "14_visite_254_2": 0.0, "15_CARREFOUR_254_2": 0.0, "16_MARKET_254_2": 0.0, "17_AYTRE_254_2": 0.0, "18_echange_254_2": 0.0, "19_repris_254_2": 0.0, "20_ni_254_2": 0.0, "21_Solde_254_2": 0.0, "22_ni_254_2": 0.0, "23_21/01/2017_254_2": 0.0, "24_0109_254_2": 0.0, "25_003_254_2": 0.0, "26_000146_254_2": 0.3333333333333333, "27_11.55:37_254_2": 0.125, "0_:_X51005447839_0": 1.0, "1_9/3/2018_X51005447839_0": 0.0, "2_20:54:50_X51005447839_0": 0.0, "3_Date_X51005447839_0": 0.0, "4_POS_X51005447839_0": 0.0, "5_No:1_X51005447839_0": 0.25, "6_Cashier:_X51005447839_0": 0.0, "7_admin_X51005447839_0": 0.0, "8_Invoice_X51005447839_0": 0.0, "9_:9820_X51005447839_0": 0.2, "10_INVOICE_X51005447839_0": 0.0, "11_57000_X51005447839_0": 0.0, "12_KL_X51005447839_0": 0.0, "13_DAMAI_X51005447839_0": 0.4, "14_SG_X51005447839_0": 0.0, "15_BESI_X51005447839_0": 0.25, "16_MEDAN_X51005447839_0": 0.0, "17_NIAGA_X51005447839_0": 0.0, "18_13,_X51005447839_0": 0.3333333333333333, "19_TASIK_X51005447839_0": 0.0, "20_UTAMA_X51005447839_0": 0.0, "21_8_X51005447839_0": 0.0, "22_JLN_X51005447839_0": 0.0, "23_I_X51005447839_0": 1.0, "24_HOUSE_X51005447839_0": 0.0, "25_JIAWE_X51005447839_0": 0.0, "26_JIAWEI_X51005447839_0": 0.3333333333333333, "0_Gypsy_receipt_00005_0": 0.2, "1_39,000_receipt_00005_0": 0.0, "2_Gelato_receipt_00005_0": 0.0, "3_Ice_receipt_00005_0": 0.6666666666666666, "4_Tea_receipt_00005_0": 0.0, "5_1_receipt_00005_0": 1.0, "6_Cappuccino_receipt_00005_0": 0.0, "7_33,000_receipt_00005_0": 0.0, "8_Iced_receipt_00005_0": 0.5, "9_1_receipt_00005_0": 1.0, "10_BangBang_receipt_00005_0": 0.375, "11_Wings_receipt_00005_0": 0.0, "12_49,000_receipt_00005_0": 0.16666666666666666, "13_Chick_receipt_00005_0": 0.0, "14_1_receipt_00005_0": 0.0, "15_55,000_receipt_00005_0": 0.0, "16_Spaghetti_receipt_00005_0": 0.3333333333333333, "17_ChickPesto_receipt_00005_0": 0.1, "18_1_receipt_00005_0": 1.0, "19_Lasagna_receipt_00005_0": 0.14285714285714285, "20_45,000_receipt_00005_0": 0.0, "21_1_receipt_00005_0": 1.0, "0_BIENTOT_17_1": 0.0, "1_MERCI_17_1": 0.0, "2_DE_17_1": 0.0, "3_VOTRE_17_1": 0.0, "4_VISITE_17_1": 0.0, "5_28/07/2016_17_1": 0.1, "6_12:59:10_17_1": 0.0, "7_0008_17_1": 0.0, "8_004_17_1": 0.0, "9_000162_17_1": 0.0, "10_3.82\u20ac_17_1": 0.4, "11_BANCAIRE_17_1": 0.0, "12_EMV_17_1": 0.0, "13_EUR_17_1": 0.0, "14_CARTE_17_1": 0.0, "15_A_17_1": 0.0, "16_3.82\u20ac_17_1": 0.4, "17_(S)_17_1": 1.0, "18_TOTAL_17_1": 0.0, "19_PAYER_17_1": 0.0, "20_ARTICLE_17_1": 0.0, "21_3.82\u20ac_17_1": 0.4, "22_JBON_17_1": 0.25, "23_SALADE_17_1": 0.0, "24_PATE_17_1": 0.0, "0_60,800_receipt_00407_1": 0.0, "1_CHANGE_receipt_00407_1": 0.0, "2_100,000_receipt_00407_1": 0.14285714285714285, "3_CASH_receipt_00407_1": 0.0, "4_39,200_receipt_00407_1": 0.0, "5_TOTAL_receipt_00407_1": 0.0, "6_39,200_receipt_00407_1": 0.16666666666666666, "7_SUBTOTAL_receipt_00407_1": 0.0, "8_0_receipt_00407_1": 0.0, "9_PLASTIK_receipt_00407_1": 0.14285714285714285, "10_SEDANG_receipt_00407_1": 0.16666666666666666, "11_MIKA_receipt_00407_1": 0.25, "12_0_receipt_00407_1": 0.0, "13_BESAR_receipt_00407_1": 0.2, "14_-2,400_receipt_00407_1": 0.16666666666666666, "15_AMOUNT_receipt_00407_1": 0.5, "16_-30.000%_receipt_00407_1": 0.625, "17_DISC_receipt_00407_1": 1.25, "18_ITEM_receipt_00407_1": 0.5, "19_8,000_receipt_00407_1": 0.0, "20_AREM_receipt_00407_1": 0.75, "21_AREM_receipt_00407_1": 0.25, "22_-5,400_receipt_00407_1": 0.3333333333333333, "23_AMOUNT_receipt_00407_1": 0.5, "24_DISC_receipt_00407_1": 0.0, "25_ITEM_receipt_00407_1": 0.25, "26_-30.000%_receipt_00407_1": 0.375, "27_18,000_receipt_00407_1": 0.0, "28_LEMPER_receipt_00407_1": 0.16666666666666666, "0_AMOUNT_receipt_00664_0": 0.0, "1_-2,200_receipt_00664_0": 0.16666666666666666, "2_DISC_receipt_00664_0": 0.0, "3_ITEM_receipt_00664_0": 0.0, "4_-20.000%_receipt_00664_0": 0.125, "5_KEJU_receipt_00664_0": 0.0, "6_SUSU_receipt_00664_0": 1.0, "7_11,000_receipt_00664_0": 0.0, "0_Mar17'17_698_0": 0.0, "1_06:52PM_698_0": 0.0, "2_Fct_698_0": 0.3333333333333333, "3_1349_698_0": 0.25, "4_Cvt_698_0": 0.3333333333333333, "5_0_698_0": 0.0, "6_1800001_698_0": 0.14285714285714285, "7_Fatma_698_0": 0.0, "8_A_698_0": 1.0, "9_85_698_0": 0.0, "10_QUAI_698_0": 0.25, "11_AUSTERLITZ_698_0": 0.0, "12_75013_698_0": 0.0, "13_LES_698_0": 0.0, "14_BUFFETS_698_0": 0.0, "15_DES_698_0": 0.0, "16_GARES_698_0": 0.0, "17_DE_698_0": 0.0, "18_FRANCE_698_0": 0.0, "19_BRIOCHE_698_0": 0.0, "20_DOREE_698_0": 0.0, "21_SSP_698_0": 0.0, "22_France_698_0": 0.0, "0_*EMMENTAL_191_1": 0.3333333333333333, "1_RAPE_191_1": 0.0, "2_1.67\u20ac_191_1": 0.4, "3_CRF_191_1": 0.0, "4_POM/POIRE_191_1": 0.1111111111111111, "5_1.89\u20ac_191_1": 0.4, "6_*DESSERT_191_1": 0.125, "7_0.86\u20ac_191_1": 0.4, "8_2.20\u20ac_191_1": 0.4, "9_*CLEMENTINE_191_1": 0.18181818181818182, "10_FILET_191_1": 0.0, "11_1KG_191_1": 0.6666666666666666, "12_4.75\u20ac/kg_191_1": 0.25, "13_0.265kg_191_1": 0.0, "14_x_191_1": 0.0, "15_1.26\u20ac_191_1": 0.4, "16_*CHAMPIGNON_191_1": 0.2727272727272727, "17_URAC_191_1": 0.0, "18_*BUTTERNUT_191_1": 0.0, "19_3.75\u20ac_191_1": 0.4, "20_3.30\u20ac_191_1": 0.4, "21_FEU_191_1": 0.0, "22_*BQ_191_1": 0.6666666666666666, "23_1KG_191_1": 0.3333333333333333, "24_POT_191_1": 1.0, "25_AU_191_1": 0.0, "26_2.19\u20ac_191_1": 0.4, "27_BIO_191_1": 0.3333333333333333, "28_*BEURRE_191_1": 0.14285714285714285, "29_DOUX_191_1": 0.75, "30_PL_191_1": 0.0, "31_1.87\u20ac_191_1": 0.4, "32_*300G_191_1": 0.4, "33_CERVELAS_191_1": 0.125, "34_CRF_191_1": 0.0, "35_2.37\u20ac_191_1": 0.4, "36_*2_191_1": 1.5, "37_RLX_191_1": 0.0, "38_ESS-TT_191_1": 0.0, "39_CARF_191_1": 0.25, "40_1.62\u20ac_191_1": 0.4, "41_FRAIS_191_1": 0.2, "42_BIO_191_1": 0.0, "43_*1L_191_1": 0.6666666666666666, "44_LAIT_191_1": 0.25, "45_1.91\u20ac_191_1": 0.4, "46_RDF_191_1": 0.0, "47_*180G_191_1": 0.4, "48_PATE_191_1": 0.0, "49_CAMP_191_1": 0.25, "50_4.39\u20ac_191_1": 0.4, "51_P.HY.3P_191_1": 1.0, "52_*12_191_1": 0.3333333333333333, "53_RLX_191_1": 0.0, "54_CRF_191_1": 0.0, "0_ _receipt_00057_0": 2.0, "0_:_378_0": 2.0, "1_Tel_378_0": 0.0, "2_17000_378_0": 0.2, "3_LA_378_0": 0.5, "4_ROCHELLE_378_0": 0.0, "5_33_378_0": 0.0, "6_RUE_378_0": 0.0, "7_DE_378_0": 0.0, "8_LA_378_0": 0.0, "9_SCIERIE_378_0": 0.0, "10_CRF-CITY_378_0": 0.0, "11_ROCHELLE_378_0": 0.0, "12_LA_378_0": 0.5, "0_3_receipt_00479_1": 1.0, "1_ITEMS_receipt_00479_1": 0.6, "2_TOTAL_receipt_00479_1": 1.0, "3_498,608_receipt_00479_1": 0.0, "4_93025784_receipt_00479_1": 0.25, "5_SB_receipt_00479_1": 0.0, "6_SIZE_receipt_00479_1": 0.0, "7_45.5_receipt_00479_1": 0.0, "8_0_receipt_00479_1": 1.0, "9_disc_receipt_00479_1": 0.0, "10_mrcday_receipt_00479_1": 0.3333333333333333, "11_5%(_receipt_00479_1": 1.0, "12_2)_receipt_00479_1": 0.0, "13_-26,242_receipt_00479_1": 0.14285714285714285, "14_disc_receipt_00479_1": 0.0, "15_toko_receipt_00479_1": 0.25, "16_25%(_receipt_00479_1": 0.75, "17_2)_receipt_00479_1": 0.0, "18_-174,950_receipt_00479_1": 0.125, "19_2_receipt_00479_1": 0.0, "20_349,900_receipt_00479_1": 0.0, "21_94759141_receipt_00479_1": 0.0, "22_VALINO_receipt_00479_1": 0.16666666666666666, "23_DONNA_receipt_00479_1": 0.0, "24_498,608_receipt_00479_1": 0.0, "0_CHANGE_receipt_00114_1": 0.0, "1_0_receipt_00114_1": 2.0, "2_[D]_receipt_00114_1": 0.3333333333333333, "3_DEBIT_receipt_00114_1": 0.0, "4_EDC_receipt_00114_1": 0.0, "5_BCA_receipt_00114_1": 0.0, "6_70,000_receipt_00114_1": 0.0, "7_GRAND_receipt_00114_1": 0.2, "8_TOTAL_receipt_00114_1": 0.0, "9_70,000_receipt_00114_1": 0.0, "10_Sub_receipt_00114_1": 0.0, "11_Total_receipt_00114_1": 0.0, "12_70,000_receipt_00114_1": 0.0, "13_Si1ky_receipt_00114_1": 0.2, "14_Chocolate_receipt_00114_1": 0.0, "15_1x_receipt_00114_1": 1.0, "16_Si1ky_receipt_00114_1": 0.2, "17_Green_receipt_00114_1": 0.0, "18_Tea_receipt_00114_1": 0.0, "19_1x_receipt_00114_1": 0.5, "20_Si1ky_receipt_00114_1": 0.2, "21_Candy_receipt_00114_1": 0.0, "22_Cotton_receipt_00114_1": 0.0, "23_1x_receipt_00114_1": 0.5, "24_Si1ky_receipt_00114_1": 0.2, "25_Mango_receipt_00114_1": 0.0, "26_1x_receipt_00114_1": 0.5, "0_A_436_2": 0.0, "1_BIENTOT_436_2": 0.0, "2_MERCI_436_2": 0.0, "3_DE_436_2": 0.0, "4_VOTRE_436_2": 0.0, "5_VISITE_436_2": 0.0, "6_0001_436_2": 0.25, "7_004_436_2": 0.3333333333333333, "8_000690_436_2": 0.16666666666666666, "9_14/03/2017_436_2": 0.0, "10_19:42:28_436_2": 0.0, "11_produits_436_2": 0.0, "12_5%_436_2": 0.0, "13_Carrefou_436_2": 0.0, "14_0.10\u20ac_436_2": 0.4, "15_Details:_436_2": 0.125, "16_compte_436_2": 0.0, "17_votre_436_2": 0.0, "18_fidelite_436_2": 0.0, "19_Carrefour._436_2": 0.0, "20_vous_436_2": 0.0, "21_cumule_436_2": 0.0, "22_auriez_436_2": 0.0, "23_0.10\u20ac_436_2": 0.4, "24_sur_436_2": 0.0, "0_A_442_1": 0.0, "1_BIENTOT_442_1": 0.0, "2_MERCI_442_1": 0.0, "3_DE_442_1": 0.0, "4_VOTRE_442_1": 0.0, "5_VISITE_442_1": 0.0, "6_0001_442_1": 0.25, "7_003_442_1": 0.0, "8_000339_442_1": 0.0, "9_11/03/2018_442_1": 0.2, "10_21:26:17_442_1": 0.0, "11_CARTE_442_1": 0.0, "12_BANCAIRE_442_1": 0.0, "13_EMV_442_1": 0.6666666666666666, "14_EUR_442_1": 0.0, "15_3.46\u20ac_442_1": 0.4, "16_(S)_442_1": 0.6666666666666666, "17_2_442_1": 0.0, "18_AITICLE_442_1": 0.14285714285714285, "19_TOTAL_442_1": 0.4, "20_A_442_1": 1.0, "21_PAYER_442_1": 0.0, "22_3.46\u20ac_442_1": 0.4, "23_*850G_442_1": 0.4, "24_1OP_442_1": 1.0, "25_FRAISE_442_1": 0.0, "26_2.00\u20ac_442_1": 0.4, "27_*2006_442_1": 0.4, "28_(RANOLA_442_1": 0.2857142857142857, "29_CHOCO_442_1": 0.8, "30_1.46\u20ac_442_1": 0.4, "0_ _receipt_00798_0": 4.0, "0_DESCRIPTION_440_0": 0.0, "1_QTE_440_0": 1.0, "2_MONTANT_440_0": 0.2857142857142857, "3_Tel_440_0": 0.0, "4_17000_440_0": 0.0, "5_LA_440_0": 0.0, "6_ROCHELLE_440_0": 0.0, "7_33_440_0": 0.0, "8_RUE_440_0": 0.0, "9_DE_440_0": 0.0, "10_LA_440_0": 0.0, "11_SCIERIE_440_0": 0.0, "12_CRF-CITY_440_0": 0.0, "13_ROCHELLE_440_0": 0.0, "14_LA_440_0": 0.0, "0_THAI_receipt_00482_0": 0.25, "1_ICETEA_receipt_00482_0": 0.0, "2_20,000_receipt_00482_0": 0.0, "0_Cash_receipt_00734_1": 1.0, "1_9,125_receipt_00734_1": 1.0, "2_GIFT_receipt_00734_1": 0.75, "3_VCR_receipt_00734_1": 1.0, "4_50,000_receipt_00734_1": 0.6666666666666666, "5_Total_receipt_00734_1": 0.4, "6_PB1_receipt_00734_1": 0.6666666666666666, "7_5,375_receipt_00734_1": 0.4, "8_charge_receipt_00734_1": 1.0, "9_Service_receipt_00734_1": 1.0, "10_3,750_receipt_00734_1": 1.0, "11_ITEMS:_receipt_00734_1": 0.8333333333333334, "12_1_receipt_00734_1": 1.0, "13_50,000_receipt_00734_1": 1.0, "14_Goban_receipt_00734_1": 1.0, "15_50,000_receipt_00734_1": 1.0, "16_Puas_receipt_00734_1": 0.75, "17_C_receipt_00734_1": 2.0, "18_1_receipt_00734_1": 2.0, "0_Rp 1,000.00_receipt_00719_1": 0.09090909090909091, "1_Change:_receipt_00719_1": 0.14285714285714285, "2_Rp 50,000.00_receipt_00719_1": 0.08333333333333333, "3_Paid:_receipt_00719_1": 0.0, "4_Rp 49,000.00_receipt_00719_1": 0.16666666666666666, "5_TOTAL:_receipt_00719_1": 0.16666666666666666, "6_Rp 4,454.55_receipt_00719_1": 0.09090909090909091, "7_10.00%:_receipt_00719_1": 0.0, "8_Tax_receipt_00719_1": 0.0, "9_Rp 45.545.45_receipt_00719_1": 0.25, "10_Subtotal:_receipt_00719_1": 0.1111111111111111, "11_49,000.0_receipt_00719_1": 0.125, "12_golden_receipt_00719_1": 0.0, "13_49,000.0_receipt_00719_1": 0.125, "14_1_receipt_00719_1": 1.0, "0_650,100_receipt_00065_2": 0.14285714285714285, "1_CASH_receipt_00065_2": 0.0, "2_41_receipt_00065_2": 1.0, "3_650,100_receipt_00065_2": 0.0, "4_Total_receipt_00065_2": 0.0, "5_P.Resto_receipt_00065_2": 0.14285714285714285, "6_59,100_receipt_00065_2": 0.3333333333333333, "7_10%_receipt_00065_2": 0.3333333333333333, "8_591,000_receipt_00065_2": 0.0, "9_Subtotal_receipt_00065_2": 0.0, "0_BANANA_receipt_00075_0": 0.16666666666666666, "1_21,000_receipt_00075_0": 0.3333333333333333, "2_42,000_receipt_00075_0": 0.16666666666666666, "3_MLK+MATCHA_receipt_00075_0": 0.3, "4_PU_receipt_00075_0": 1.0, "5_2_receipt_00075_0": 2.0, "6_PAKET_receipt_00075_0": 0.6, "7_BULGOGI_receipt_00075_0": 0.8571428571428571, "8_45,000_receipt_00075_0": 0.16666666666666666, "9_45,000_receipt_00075_0": 0.16666666666666666, "10_3_receipt_00075_0": 1.0, "11_1_receipt_00075_0": 1.0, "12_KOREAN_receipt_00075_0": 0.3333333333333333, "13_9,000_receipt_00075_0": 0.0, "14_9,000_receipt_00075_0": 0.2, "15_COLD_receipt_00075_0": 0.25, "16_TEA_receipt_00075_0": 0.6666666666666666, "17_1_receipt_00075_0": 1.0, "18_15,000_receipt_00075_0": 0.16666666666666666, "19_KOREAN_receipt_00075_0": 0.16666666666666666, "20_15,000_receipt_00075_0": 0.3333333333333333, "21_LEMONADE_receipt_00075_0": 0.25, "22_1_receipt_00075_0": 1.0, "23_JAPCHE_receipt_00075_0": 0.3333333333333333, "24_25,000_receipt_00075_0": 0.0, "25_25,000_receipt_00075_0": 0.16666666666666666, "26_1_receipt_00075_0": 1.0, "27_PAKET_receipt_00075_0": 0.6, "28_CHICKEN_receipt_00075_0": 0.2857142857142857, "29_35,000_receipt_00075_0": 0.0, "30_3_receipt_00075_0": 1.0, "31_3_receipt_00075_0": 1.0, "32_105,000_receipt_00075_0": 0.2857142857142857, "33_ICE_receipt_00075_0": 1.3333333333333333, "34_SWEET_receipt_00075_0": 0.2, "35_JASMINE_receipt_00075_0": 0.2857142857142857, "36_GREENTEA_receipt_00075_0": 0.375, "37_PAKET_receipt_00075_0": 0.4, "38_DOSIRAK_receipt_00075_0": 0.2857142857142857, "39_3_receipt_00075_0": 1.0, "40_PAKET_receipt_00075_0": 0.4, "41_DOSIRAK_receipt_00075_0": 0.42857142857142855, "42_3_receipt_00075_0": 2.0, "43_25,975_receipt_00075_0": 0.3333333333333333, "44_1_receipt_00075_0": 2.0, "45_25,975_receipt_00075_0": 0.16666666666666666, "0_ _receipt_00435_0": 0.0, "0_ _receipt_00640_0": 3.0, "0_2_X00016469669_0": 0.0, "1_31.00_X00016469669_0": 0.0, "2_Plastic_X00016469669_0": 0.0, "3_15.50_X00016469669_0": 0.0, "4_RM_X00016469669_0": 0.0, "5_RM_X00016469669_0": 0.0, "6_Description_X00016469669_0": 0.0, "7_Qty_X00016469669_0": 0.0, "8_Amount_X00016469669_0": 0.0, "9_Price_X00016469669_0": 0.0, "10_Cashier:_X00016469669_0": 0.125, "11_01_X00016469669_0": 0.0, "12_:_X00016469669_0": 1.0, "13_09/01/2019_X00016469669_0": 0.0, "14_8:01:11_X00016469669_0": 0.0, "15_PM_X00016469669_0": 0.0, "16_Date_X00016469669_0": 0.0, "17_Bill:_X00016469669_0": 0.4, "18_Cash_X00016469669_0": 0.25, "19_01-143008_X00016469669_0": 0.0, "20_2616_X00016469669_0": 0.25, "21_07-355_X00016469669_0": 0.16666666666666666, "22_81100_X00016469669_0": 0.0, "23_JOHOR_X00016469669_0": 0.0, "24_BAHRU.JOHOR_X00016469669_0": 0.09090909090909091, "25_TAMAN_X00016469669_0": 0.0, "26_HARMONI._X00016469669_0": 0.125, "27_DESA_X00016469669_0": 0.0, "28_No.2&4,JALAN_X00016469669_0": 0.08333333333333333, "29_3/2,_X00016469669_0": 0.0, "30_HARMONI_X00016469669_0": 0.14285714285714285, "31_ABC_X00016469669_0": 0.0, "32_HO_X00016469669_0": 0.0, "33_TRADING_X00016469669_0": 0.0, "34_yee_X00016469669_0": 0.0, "35_tan_X00016469669_0": 0.0, "0_DESCRIPTION_303_0": 0.09090909090909091, "1_QTE_303_0": 0.3333333333333333, "2_MONTANT_303_0": 0.7142857142857143, "3_Tel_303_0": 0.0, "4_17000_303_0": 0.0, "5_LA_303_0": 1.0, "6_ROCHELLE_303_0": 0.0, "7_33_303_0": 0.0, "8_RUE_303_0": 0.0, "9_DE_303_0": 0.0, "10_LA_303_0": 0.5, "11_SCIERIE_303_0": 0.0, "12_CRF-CITY_303_0": 0.0, "13_ROCHELLE_303_0": 0.0, "14_LA_303_0": 0.0, "0_Discount_X51005447839_1": 0.0, "1_65._X51005447839_1": 0.3333333333333333, "2_20_X51005447839_1": 0.0, "3_Sub_X51005447839_1": 0.0, "4_Total_X51005447839_1": 0.0, "5_Before_X51005447839_1": 0.0, "6_RM_X51005447839_1": 0.0, "7_0.00_X51005447839_1": 0.0, "8_1.50_X51005447839_1": 0.0, "9_2_X51005447839_1": 0.0, "10_(B)_X51005447839_1": 0.3333333333333333, "11_Rice_X51005447839_1": 0.0, "12_COLD_X51005447839_1": 0.0, "13_0.60_X51005447839_1": 0.0, "14_0.00_X51005447839_1": 0.0, "15_20_X51005447839_1": 0.0, "16_1._X51005447839_1": 0.5, "17_2_X51005447839_1": 0.0, "18_Chinese_X51005447839_1": 0.0, "19_Tea_X51005447839_1": 0.0, "20_10._X51005447839_1": 0.3333333333333333, "21_00_X51005447839_1": 0.0, "22_0.00_X51005447839_1": 0.0, "23_1_X51005447839_1": 0.0, "24_Egg_X51005447839_1": 0.0, "25_Steamed_X51005447839_1": 0.0, "26_(S)_X51005447839_1": 0.3333333333333333, "27_16._X51005447839_1": 0.3333333333333333, "28_00_X51005447839_1": 0.0, "29_0.00_X51005447839_1": 0.0, "30_1_X51005447839_1": 0.0, "31_F.Hong_X51005447839_1": 0.16666666666666666, "32_Kong_X51005447839_1": 0.0, "33_(S)_X51005447839_1": 0.3333333333333333, "34_Sauteed_X51005447839_1": 0.0, "35_1_X51005447839_1": 0.0, "36_35._X51005447839_1": 0.3333333333333333, "37_00_X51005447839_1": 0.0, "38_0.00_X51005447839_1": 0.0, "39_(S)_X51005447839_1": 0.6666666666666666, "40_Fish_X51005447839_1": 0.0, "41_Head_X51005447839_1": 0.0, "42_Bean_X51005447839_1": 0.0, "43_B._X51005447839_1": 0.5, "44_(RM)_X51005447839_1": 0.0, "45_(RM)_X51005447839_1": 0.25, "46_ITEM_X51005447839_1": 0.0, "47_U/P_X51005447839_1": 0.3333333333333333, "48_DISC_X51005447839_1": 0.0, "49_Aint_X51005447839_1": 0.25, "50_QTY_X51005447839_1": 1.0, "51_(%)_X51005447839_1": 1.0, "0_ _receipt_00252_0": 3.0, "0_30.08\u20ac_514_2": 0.3333333333333333, "1_ARTICLE(S)_514_2": 0.0, "2_PAYER_514_2": 0.0, "3_16_514_2": 0.0, "4_TOTAL_514_2": 0.0, "5_A_514_2": 0.0, "6_AVANTAGES_514_2": 0.4444444444444444, "7_DU_514_2": 0.5, "8_JOUR_514_2": 0.0, "9_-4.80\u20ac_514_2": 0.5, "10_TOTAL_514_2": 0.0, "11_DES_514_2": 0.0, "12_-4.80\u20ac_514_2": 0.3333333333333333, "13_TOTAL_514_2": 0.0, "14_REMISES_514_2": 0.14285714285714285, "15_IMMEDIATES_514_2": 0.3, "16_ARTICLE_514_2": 0.0, "17_34.88\u20ac_514_2": 0.3333333333333333, "18_(S)_514_2": 1.0, "19_TOTAL_514_2": 0.0, "20_AVANT_514_2": 0.2, "21_RENISES_514_2": 0.14285714285714285, "22_16_514_2": 0.0, "23_8.00\u20ac_514_2": 0.6, "24_/_514_2": 1.0, "25_HYGIENE_514_2": 0.2857142857142857, "26_TOTAL_514_2": 0.0, "27_BEAUTE_514_2": 0.0, "28_DESINCRUS_514_2": 0.0, "29_4.00\u20ac_514_2": 0.6, "30_GEL_514_2": 0.3333333333333333, "31_PURE_514_2": 0.0, "32_-4.00\u20ac_514_2": 0.3333333333333333, "33_REMISE_514_2": 0.16666666666666666, "34_2x_514_2": 1.0, "35_8.00\u20ac_514_2": 0.4, "36_CREME_514_2": 0.2, "37_3/1_514_2": 1.0, "38_4.00_514_2": 0.0, "39_PURE_514_2": 0.0, "40_NET_514_2": 0.3333333333333333, "0_Tel_407_0": 0.0, "1_ROCHELLE_407_0": 0.0, "2_17000_407_0": 0.0, "3_LA_407_0": 0.0, "4_SCIERIE_407_0": 0.0, "5_LA_407_0": 0.5, "6_RUE_407_0": 0.0, "7_DE_407_0": 0.0, "8_33_407_0": 0.0, "9_ROCHELLE_407_0": 0.0, "10_LA_407_0": 0.0, "11_CRF-CITY_407_0": 0.0, "0_A_278_2": 0.0, "1_BIENTOT_278_2": 0.0, "2_VOTRE_278_2": 0.0, "3_VISITE_278_2": 0.0, "4_MERCI_278_2": 0.0, "5_DE_278_2": 0.0, "0_:_354_0": 1.0, "1_Tel_354_0": 0.0, "2_17000_354_0": 0.0, "3_LA_354_0": 0.0, "4_ROCHELLE_354_0": 0.0, "5_33_354_0": 0.0, "6_RUE_354_0": 0.0, "7_DE_354_0": 0.0, "8_LA_354_0": 0.0, "9_SCIERIE_354_0": 0.2857142857142857, "10_CRF-CITY_354_0": 0.0, "11_LA_354_0": 0.0, "12_ROCHELLE_354_0": 0.0, "0_A_248_2": 0.0, "1_BIENTOT_248_2": 0.0, "2_remercie_248_2": 0.0, "3_de_248_2": 0.0, "4_votre_248_2": 0.0, "5_visite_248_2": 0.0, "6_Vous_248_2": 0.0, "7_MARKET_248_2": 0.0, "8_AYTRE_248_2": 0.0, "9_CARREFOUR_248_2": 0.0, "10_18/12/2016_248_2": 0.0, "11_12:17:39_248_2": 0.0, "12_000080_248_2": 0.0, "13_0109_248_2": 0.25, "14_007_248_2": 0.0, "15_-2.60\u20ac_248_2": 0.3333333333333333, "16_Votre_248_2": 0.0, "17_Monnaie_248_2": 0.0, "18_30.09\u20ac_248_2": 0.3333333333333333, "19_ESPECES_248_2": 0.0, "20_EUR_248_2": 0.0, "21_27.49\u20ac_248_2": 0.3333333333333333, "22_ARTICIE_248_2": 0.14285714285714285, "23_(S)_248_2": 0.3333333333333333, "24_TOTAL_248_2": 0.0, "25_A_248_2": 0.0, "26_PAYER_248_2": 0.0, "27_8_248_2": 0.0, "28_-6.27\u20ac_248_2": 0.3333333333333333, "29_AVANTAGES_248_2": 0.3333333333333333, "30_JOUR_248_2": 0.0, "31_TOTAL_248_2": 0.0, "32_DES_248_2": 0.0, "33_DU_248_2": 1.0, "0_20,000_receipt_00385_0": 0.0, "1_1.0_receipt_00385_0": 1.0, "2_AMANDEL_receipt_00385_0": 0.2857142857142857, "3_BROOD_receipt_00385_0": 0.2, "4_2.0_receipt_00385_0": 1.0, "5_48,000_receipt_00385_0": 0.0, "6_NOUGAT_receipt_00385_0": 0.16666666666666666, "7_ICE_receipt_00385_0": 0.6666666666666666, "8_CREAM_receipt_00385_0": 0.0, "9_1.0_receipt_00385_0": 1.0, "10_27,500_receipt_00385_0": 0.0, "11_CHIP_receipt_00385_0": 0.25, "12_CHOCO_receipt_00385_0": 0.0, "0_A_191_4": 0.0, "1_BIENTOT_191_4": 0.0, "2_0003_191_4": 0.0, "3_001_191_4": 1.0, "4_000047_191_4": 0.0, "5_05/02/2017_191_4": 0.0, "6_12:20:29_191_4": 0.0, "7_produits_191_4": 0.0, "8_5%_191_4": 0.0, "9_Carrefou_191_4": 0.0, "10_0.07\u20ac_191_4": 0.4, "11_produits_191_4": 0.0, "12_Remise_191_4": 0.0, "13_fide_191_4": 0.0, "14_0.15\u20ac_191_4": 0.4, "0_242,528_receipt_00245_1": 0.8571428571428571, "1_TOTAL_receipt_00245_1": 0.2, "2_22,048_receipt_00245_1": 0.0, "3_PB1_receipt_00245_1": 0.6666666666666666, "4_10%_receipt_00245_1": 1.3333333333333333, "5_12,480_receipt_00245_1": 0.0, "6_CHG_receipt_00245_1": 0.0, "7_SVC_receipt_00245_1": 0.3333333333333333, "8_6%_receipt_00245_1": 1.0, "9_SUBTTL_receipt_00245_1": 0.0, "10_208,000_receipt_00245_1": 0.0, "11_TEA_receipt_00245_1": 0.0, "12_57,000_receipt_00245_1": 0.0, "13_1_receipt_00245_1": 0.0, "14_EARL_receipt_00245_1": 0.0, "15_GREY_receipt_00245_1": 0.0, "16_MILK_receipt_00245_1": 0.0, "17_70,500_receipt_00245_1": 0.0, "18_CARBONARA_receipt_00245_1": 0.0, "19_1_receipt_00245_1": 0.0, "20_80,500_receipt_00245_1": 0.0, "21_PRAWN_receipt_00245_1": 0.0, "22_PASTA_receipt_00245_1": 0.0, "23_1_receipt_00245_1": 0.0, "24_BLACK_receipt_00245_1": 0.0, "0_2,59_629_0": 0.5, "1_CUTS.LEG.BIO_629_0": 0.08333333333333333, "2_400G_629_0": 0.25, "3_JB_629_0": 0.0, "4_LENTILLES_629_0": 0.1111111111111111, "5_\u20ac_629_0": 0.0, "6_3,48_629_0": 0.5, "7_FIGUE/FRAMB._629_0": 0.08333333333333333, "8_BJORG375G_629_0": 0.1111111111111111, "9_PORRIDGE_629_0": 0.0, "10_\u20ac_629_0": 0.0, "11_EPICERIE_629_0": 0.375, "12_>>>>_629_0": 0.5, "13_CD_629_0": 1.0, "14_22/06/17_629_0": 0.0, "15_16:43_629_0": 0.0, "16_672902_629_0": 0.0, "17_224_629_0": 0.6666666666666666, "18_Operateur_629_0": 0.0, "19_Date_629_0": 0.0, "20_Heure_629_0": 0.2, "21_TPU_629_0": 0.3333333333333333, "22_Ticket_629_0": 0.0, "23_12h30_629_0": 0.2, "24_Le_629_0": 0.0, "25_dimanche_629_0": 0.125, "26_de_629_0": 0.0, "27_8n30_629_0": 0.5, "28_a_629_0": 1.0, "29_De_629_0": 0.0, "30_8h30_629_0": 0.25, "31_20h00_629_0": 0.0, "32_a_629_0": 1.0, "33_Tel_629_0": 0.0, "34_04.66.35.36.30_629_0": 0.0, "35_30310_629_0": 0.0, "36_VERGEZE_629_0": 0.14285714285714285, "37_Codognan_629_0": 0.125, "38_Route_629_0": 0.0, "39_de_629_0": 0.0, "0_Tel_65_0": 0.0, "1_17000_65_0": 0.0, "2_ROCHELLE_65_0": 0.0, "3_LA_65_0": 0.5, "4_33_65_0": 0.0, "5_RUE_65_0": 0.0, "6_DE_65_0": 0.0, "7_LA_65_0": 0.0, "8_SCIERIE_65_0": 0.0, "9_CRF-CITY_65_0": 0.0, "10_LA_65_0": 0.0, "11_ROCHELLE_65_0": 0.0, "0_BIENTOT_356_1": 0.0, "1_MERCI_356_1": 0.0, "2_DE_356_1": 0.0, "3_VOTRE_356_1": 0.0, "4_VISITE_356_1": 0.0, "5_003_356_1": 0.0, "6_16/06/2017_356_1": 0.0, "7_000112_356_1": 0.0, "8_12:01:24_356_1": 0.0, "9_CB_356_1": 1.0, "10_EMV_356_1": 1.0, "11_SANS_356_1": 0.0, "12_CONTACT_356_1": 0.0, "13_EUR_356_1": 0.0, "14_6.15\u20ac_356_1": 0.4, "15_(S)_356_1": 0.6666666666666666, "16_TOTAL_356_1": 0.6, "17_A_356_1": 0.0, "18_PAYER_356_1": 0.0, "19_6.15\u20ac_356_1": 0.4, "20_*HOUSSI_356_1": 0.2857142857142857, "21_AU_356_1": 1.0, "22_CHOCOLAT_356_1": 0.0, "23_3.116_356_1": 1.0, "24_*250G_356_1": 0.4, "25_ABOULE_356_1": 0.0, "26_FRUIT_356_1": 0.4, "27_3.04\u20ac_356_1": 0.4, "0_ _receipt_00381_0": 2.0, "0_Cash_receipt_00684_1": 1.0, "1_20,000_receipt_00684_1": 0.3333333333333333, "2_Take_receipt_00684_1": 0.25, "3_20,000_receipt_00684_1": 0.6666666666666666, "4_Away_receipt_00684_1": 0.75, "5_Total_receipt_00684_1": 0.2, "6_Round_receipt_00684_1": 0.8, "7_1_receipt_00684_1": 2.0, "8_PB1_receipt_00684_1": 1.0, "9_1,818_receipt_00684_1": 0.0, "10_(10%)_receipt_00684_1": 0.8, "11_18,181_receipt_00684_1": 0.16666666666666666, "12_Subtotal_receipt_00684_1": 0.875, "13_TakeAway_receipt_00684_1": 0.5, "14_909_receipt_00684_1": 1.0, "15_Charge_receipt_00684_1": 0.16666666666666666, "16_REGULAR_receipt_00684_1": 0.14285714285714285, "17_8,636_receipt_00684_1": 0.6, "18_FRIES_receipt_00684_1": 0.2, "19_CHOCOLATE_receipt_00684_1": 0.1111111111111111, "20_8,636_receipt_00684_1": 0.4, "21_SUNDAE_receipt_00684_1": 0.16666666666666666, "0_BIENTOT_9_2": 0.0, "0_TAX_X51005447842_0": 0.0, "1_4:06:34PM_X51005447842_0": 0.1111111111111111, "2_14/03/2018_X51005447842_0": 0.0, "3_No._X51005447842_0": 0.3333333333333333, "4_GST_X51005447842_0": 0.0, "5_016-5498845,_X51005447842_0": 0.08333333333333333, "6_TASIK_X51005447842_0": 0.0, "7_DAMAI_X51005447842_0": 0.0, "8_MEDAN_X51005447842_0": 0.0, "9_NIAGA_X51005447842_0": 0.0, "10_19-2_X51005447842_0": 0.0, "11_19-1&_X51005447842_0": 0.2, "12_4,_X51005447842_0": 0.5, "13_JALAN_X51005447842_0": 0.0, "14_TASIK_X51005447842_0": 0.0, "15_UTAMA_X51005447842_0": 0.0, "16_19-G&_X51005447842_0": 0.0, "17_NO_X51005447842_0": 0.0, "18_(124525-H)_X51005447842_0": 0.2, "19_No._X51005447842_0": 0.0, "20_BR_X51005447842_0": 0.0, "21_BHD_X51005447842_0": 0.0, "22_SDN_X51005447842_0": 0.0, "23_PINTAR_X51005447842_0": 0.0, "24_BORONG_X51005447842_0": 0.0, "0_1,000_receipt_00238_1": 0.0, "1_CASH_receipt_00238_1": 0.0, "2_10,000_receipt_00238_1": 0.0, "3_TOTAL_receipt_00238_1": 0.0, "4_9,000_receipt_00238_1": 0.0, "5_SUBTOTAL_receipt_00238_1": 0.0, "6_9,000_receipt_00238_1": 0.0, "7_1.00xITEMs_receipt_00238_1": 0.1, "8_VANBALL_receipt_00238_1": 0.0, "9_9,000_receipt_00238_1": 0.0, "10_1X_receipt_00238_1": 1.0, "11_@9000_receipt_00238_1": 0.0, "0_*SUCRE_367_1": 0.16666666666666666, "1_BLONVILLIERS_367_1": 0.08333333333333333, "2_2.32\u20ac_367_1": 0.4, "3_*ROQUE_367_1": 0.16666666666666666, "4_TE_367_1": 0.0, "5_125G_367_1": 0.25, "6_CRF_367_1": 1.0, "7_1.77\u20ac_367_1": 0.4, "8_*POIVR_367_1": 0.3333333333333333, "9_N_367_1": 1.0, "10_DOUX_367_1": 0.5, "11_BIO_367_1": 0.0, "12_1.95\u20ac_367_1": 0.4, "13_*PET_367_1": 0.0, "14_1_367_1": 0.0, "15_25L_367_1": 0.3333333333333333, "16_EAU_367_1": 0.0, "17_GAZ_367_1": 0.6666666666666666, "18_0.57\u20ac_367_1": 0.4, "19_*HOZZA_367_1": 1.0, "20_ELLA_367_1": 0.0, "21_CRF_367_1": 0.0, "22_0.84\u20ac_367_1": 0.4, "23_*LT_367_1": 1.0, "24_1/_367_1": 0.5, "25_E.BIO_367_1": 0.2, "26_CRF_367_1": 0.3333333333333333, "27_1L_367_1": 1.0, "28_1.05\u20ac_367_1": 0.4, "29_EHMEN_367_1": 0.6, "30_1.25\u20ac_367_1": 0.4, "31_.RAP.BIO_367_1": 0.5, "32_CRF_367_1": 0.6666666666666666, "33_*CONCO_367_1": 0.3333333333333333, "34_BRE_367_1": 0.0, "35_0.95\u20ac_367_1": 0.4, "36_*BRIOC_367_1": 0.16666666666666666, "37_TRANCHEE_367_1": 0.0, "38_E_367_1": 0.0, "39_1.91\u20ac_367_1": 0.4, "40_*Bu_367_1": 0.6666666666666666, "41_TO_367_1": 1.0, "42_ATE_367_1": 0.0, "43_CERISE_367_1": 0.0, "44_BIO_367_1": 0.0, "45_1.80\u20ac_367_1": 0.4, "46_*BAGUE_367_1": 0.0, "47_TE_367_1": 0.5, "48_250G_367_1": 0.25, "49_0.84\u20ac_367_1": 0.4, "50_*500G_367_1": 0.4, "51_PAGHETTI_367_1": 0.25, "52_BIO_367_1": 0.6666666666666666, "53_1.25\u20ac_367_1": 0.4, "54_*4X_367_1": 1.0, "55_LES_367_1": 0.0, "56_2_367_1": 0.0, "57_VACHE_367_1": 0.2, "58_1.67\u20ac_367_1": 0.4, "59_BIO_367_1": 0.3333333333333333, "60_*4_367_1": 1.0, "61_0EUI_367_1": 0.75, "62_S_367_1": 0.0, "63_GROS_367_1": 0.0, "64_1.58\u20ac_367_1": 0.4, "65_INOCCHI_367_1": 0.14285714285714285, "66_*380G_367_1": 0.4, "67_NATUR_367_1": 0.2, "68_1.10\u20ac_367_1": 0.4, "0_2,47_781_1": 0.25, "1_20,0%_781_1": 0.0, "2_14,79_781_1": 0.4, "3_de_781_1": 0.0, "4_TVA_781_1": 0.0, "5_B_781_1": 0.0, "6_0,32_781_1": 0.0, "7_6,10_781_1": 0.25, "8_A_781_1": 0.0, "9_TVA_781_1": 0.0, "10_5.5%_781_1": 1.0, "11_de_781_1": 0.0, "12_20,89_781_1": 0.0, "13_Carte_781_1": 0.2, "14_12,99_781_1": 0.6, "15_Baskets_781_1": 0.0, "16_F_781_1": 0.0, "17_no_781_1": 0.0, "18_0281568_781_1": 0.0, "19_B_781_1": 0.0, "20_papier_781_1": 0.0, "21_0,15_781_1": 0.0, "22_en_781_1": 0.0, "23_B_781_1": 0.0, "24_Sac_781_1": 0.3333333333333333, "25_1,09_781_1": 0.5, "26_Tartelettes_781_1": 0.0, "27_frambois_781_1": 0.125, "28_A_781_1": 0.0, "29_0,99_781_1": 0.0, "30_vegetarienne_781_1": 0.0, "31_A_781_1": 1.0, "32_Pizza_781_1": 0.0, "0_MERCI_338_1": 0.0, "1_DE_338_1": 0.0, "2_VOTRE_338_1": 0.0, "3_VISITE_338_1": 0.0, "4_0005_338_1": 0.25, "5_002_338_1": 0.0, "6_29/05/2017_338_1": 0.0, "7_000060_338_1": 0.0, "8_08:40:50_338_1": 0.0, "9_CB_338_1": 0.0, "10_EMV_338_1": 0.3333333333333333, "11_SANS_338_1": 0.0, "12_CONTACT_338_1": 0.0, "13_EUR_338_1": 0.0, "14_5.39\u20ac_338_1": 0.4, "15_(S)_338_1": 1.0, "16_3_338_1": 1.0, "17_ARTICLE_338_1": 0.0, "18_TOTAL_338_1": 0.0, "19_A_338_1": 0.0, "20_PAYER_338_1": 0.0, "21_5.39\u20ac_338_1": 0.4, "22_1.95\u20ac_338_1": 0.4, "23_*BQ_338_1": 0.6666666666666666, "24_TOMATE_338_1": 0.0, "25_CERISE_338_1": 0.0, "26_BIO_338_1": 0.3333333333333333, "27_1.80\u20ac_338_1": 0.4, "28_*BISC.PT_338_1": 0.125, "29_DEJ.CRF_338_1": 0.0, "30_1.64\u20ac_338_1": 0.4, "31_QTE_338_1": 1.0, "32_DESCRIPTION_338_1": 0.0, "33_HONTANT_338_1": 0.0, "0_Ticket_638_0": 0.0, "1_n_638_0": 2.0, "2_4_638_0": 0.0, "3_:_638_0": 1.0, "4_22/06/2017_638_0": 0.0, "5_Duplicata_638_0": 0.0, "6_Date_638_0": 0.0, "7_12:30:57_638_0": 0.0, "8_:_638_0": 1.0, "9_443_638_0": 0.0, "10_657_638_0": 0.0, "11_580_638_0": 0.0, "12_00025_638_0": 0.0, "13_Siret_638_0": 0.0, "14_Tel_638_0": 0.0, "15_30133_638_0": 0.0, "16_LES_638_0": 0.0, "17_ANGLES_638_0": 0.0, "18_980,_638_0": 0.0, "19_AVENUE_638_0": 0.0, "20_DE_638_0": 0.0, "21_LA_638_0": 0.5, "22_2eme_638_0": 0.0, "23_DB_638_0": 0.0, "0_CHANGE_receipt_00018_1": 0.0, "1_TENDERED_receipt_00018_1": 0.0, "2_100000_receipt_00018_1": 0.0, "0_Kembali_receipt_00045_1": 0.0, "1_30.000_receipt_00045_1": 0.0, "2_Bayar_receipt_00045_1": 0.0, "3_52.000_receipt_00045_1": 0.0, "0_TVA_603_2": 0.0, "1_Base_603_2": 0.0, "2_TVA_603_2": 0.0, "3_Taux_603_2": 0.0, "4_TVA_603_2": 0.0, "5_Information_603_2": 0.0, "6_0,80_603_2": 0.25, "7_A_603_2": 0.0, "8_divers_603_2": 0.0, "9_Article_603_2": 0.14285714285714285, "10_1,00_603_2": 0.25, "11_A_603_2": 0.0, "12_divers_603_2": 0.0, "13_Article_603_2": 0.14285714285714285, "0_ _receipt_00447_0": 2.0, "0_41,000_receipt_00536_1": 0.0, "1_DEBIT_receipt_00536_1": 0.0, "2_BCA:_receipt_00536_1": 0.0, "3_41,000_receipt_00536_1": 0.0, "4_Total._receipt_00536_1": 0.0, "5_41,000_receipt_00536_1": 0.0, "6_ITEMS:_receipt_00536_1": 0.16666666666666666, "7_1_receipt_00536_1": 0.0, "8_Sedang_receipt_00536_1": 0.0, "9_0_receipt_00536_1": 1.0, "10_1_receipt_00536_1": 1.0, "11_41,000_receipt_00536_1": 0.0, "12_Chicken_receipt_00536_1": 0.0, "13_1_receipt_00536_1": 0.0, "14_BBQ_receipt_00536_1": 0.0, "0_BIENTOT_754_3": 0.0, "1_A_754_3": 0.0, "2_REGAIN_754_3": 0.16666666666666666, "3_VOUS_754_3": 1.0, "4_REMERCIE_754_3": 0.125, "5_DE_754_3": 0.0, "6_VOTRE_754_3": 0.0, "7_VISITE_754_3": 0.0, "8_20/1/17_754_3": 0.0, "9_Ticket_754_3": 0.0, "10_:_754_3": 1.0, "11_3-01599_754_3": 0.0, "12_Dt_754_3": 1.5, "13_18h12_754_3": 0.0, "14_87,98_754_3": 0.0, "15_4,84_754_3": 0.0, "16_5,50%_754_3": 0.2, "17_92,82_754_3": 0.2, "0_3,50_634_1": 1.0, "1_0,375_634_1": 1.0, "2_1,31_634_1": 1.0, "3_0,270_634_1": 0.0, "4_3,20_634_1": 0.0, "5_0,86_634_1": 0.0, "6_Piece_634_1": 0.2, "7_2,60_634_1": 0.0, "8_+_634_1": 0.0, "9_Unite2_634_1": 0.16666666666666666, "10_0,665_634_1": 0.0, "11_2,80_634_1": 0.0, "12_1,86_634_1": 0.25, "13_Unite_634_1": 0.0, "14_0_634_1": 1.0, "15_kg_634_1": 0.0, "16_\u20ac/kg_634_1": 0.5, "17_\u20ac_634_1": 1.0, "18_VENDEUR:_634_1": 0.0, "19_:_634_1": 1.0, "20_DATE:_634_1": 0.0, "21_HEURE_634_1": 0.2, "22_14:_634_1": 0.0, "23_44_634_1": 1.5, "0_MONTANT_239_0": 0.0, "1_QTE_239_0": 1.0, "2_DESCRIPTION_239_0": 0.09090909090909091, "3_Gargot_239_0": 0.0, "4_Aytre._239_0": 0.16666666666666666, "5_17440_239_0": 0.0, "6_Nicolas_239_0": 0.0, "7_Rue_239_0": 0.0, "8_Dimanche_239_0": 0.0, "9_9h_239_0": 0.5, "10_a_239_0": 0.0, "11_12h30_239_0": 0.0, "12_20h00_239_0": 0.0, "13_de_239_0": 0.0, "14_9h_239_0": 1.0, "15_a_239_0": 0.0, "16_au_239_0": 0.0, "17_Samedi_239_0": 0.0, "18_Lundi_239_0": 0.2, "19_0546457320_239_0": 0.0, "20_Tel_239_0": 0.0, "21_Carrefour_239_0": 0.0, "22_market_239_0": 0.0, "23_AYTRE_239_0": 0.0, "0_Keep_X51005268408_2": 0.25, "1_the_X51005268408_2": 0.0, "2_invoice_X51005268408_2": 0.0, "3_applicable_X51005268408_2": 0.2, "4_for_X51005268408_2": 0.3333333333333333, "5_returns_X51005268408_2": 0.0, "6_Thank_X51005268408_2": 0.2, "7_You._X51005268408_2": 0.0, "8_Please_X51005268408_2": 0.0, "9_come_X51005268408_2": 0.25, "10_again_X51005268408_2": 0.2, "11_160.17_X51005268408_2": 0.0, "12_9.61_X51005268408_2": 0.25, "13_GST_X51005268408_2": 1.0, "14_SUmBary_X51005268408_2": 0.2857142857142857, "15_Amount(RM)_X51005268408_2": 0.7, "16_Tax(RM)_X51005268408_2": 0.7142857142857143, "0_QTE_213_0": 1.0, "1_MONTANT_213_0": 0.42857142857142855, "2_DESCRIPTION_213_0": 0.0, "3_Gargot_213_0": 0.0, "4_Aytre._213_0": 0.16666666666666666, "5_Rue_213_0": 0.0, "6_Nicolas_213_0": 0.0, "7_17440_213_0": 0.0, "8_9h_213_0": 0.5, "9_a_213_0": 0.0, "10_12h30_213_0": 0.0, "11_Dimanche_213_0": 0.0, "12_Samedi_213_0": 0.0, "13_20h00_213_0": 0.0, "14_Lundi_213_0": 0.0, "15_au_213_0": 0.0, "16_de_213_0": 0.0, "17_9h_213_0": 0.5, "18_a_213_0": 1.0, "19_:_213_0": 1.0, "20_0546457320_213_0": 0.0, "21_Tel_213_0": 0.0, "22_market_213_0": 0.0, "23_AYTRE_213_0": 0.0, "24_Carrefour_213_0": 0.0, "0_0004_399_2": 0.5, "1_003_399_2": 0.0, "2_000039_399_2": 0.16666666666666666, "3_03/05/2017_399_2": 0.0, "4_11:20:04_399_2": 0.0, "5_:_399_2": 2.0, "6_Carte_399_2": 0.0, "7_BANCAIRE_399_2": 0.0, "8_CARTE_399_2": 0.0, "9_EUR_399_2": 0.0, "10_EMV_399_2": 0.3333333333333333, "11_14.76\u20ac_399_2": 0.3333333333333333, "12_9_399_2": 0.0, "13_ATICLE(S)_399_2": 0.1111111111111111, "14_TOTAL_399_2": 0.0, "15_A_399_2": 0.0, "16_PAYER_399_2": 0.0, "17_14.76\u20ac_399_2": 0.3333333333333333, "18_3.20\u20ac/kg_399_2": 0.25, "19_0.600kg_399_2": 0.14285714285714285, "20_x_399_2": 2.0, "0_5,909_receipt_00331_0": 0.0, "1_TEH_receipt_00331_0": 0.0, "2_HANGAT_receipt_00331_0": 0.0, "3_43,182_receipt_00331_0": 0.0, "4_KWT_receipt_00331_0": 0.0, "5_GR_receipt_00331_0": 0.0, "6_MGMSP_receipt_00331_0": 0.4, "0_QTE_60_0": 1.0, "1_MONTANT_60_0": 0.2857142857142857, "2_DESCRIPTION_60_0": 0.0, "3_Tel_60_0": 0.0, "4_LA_60_0": 1.0, "5_ROCHELLE_60_0": 0.0, "6_17000_60_0": 0.0, "7_SCIERIE_60_0": 0.0, "8_RUE_60_0": 0.0, "9_DE_60_0": 0.0, "10_LA_60_0": 0.0, "11_33_60_0": 0.0, "12_CRF-CITY_60_0": 0.0, "13_LA_60_0": 0.0, "14_ROCHELLE_60_0": 0.0, "0_A_270_1": 0.0, "1_BIENTOT_270_1": 0.0, "2_DE_270_1": 0.0, "3_VOTRE_270_1": 0.0, "4_VISITE_270_1": 0.0, "5_MERCI_270_1": 0.0, "6_11/07/7017_270_1": 0.0, "7_12:09:48_270_1": 0.0, "8_000132_270_1": 0.0, "9_004_270_1": 0.3333333333333333, "10_003_270_1": 0.0, "11_EUR_270_1": 0.0, "12_4.50\u20ac_270_1": 0.4, "13_BANCAIRE_270_1": 0.0, "14_EMV_270_1": 0.3333333333333333, "15_CARTE_270_1": 0.0, "16_4.50\u20ac_270_1": 0.4, "17_TICLE(S)_270_1": 0.125, "18_TOTAL_270_1": 0.0, "19_A_270_1": 0.0, "20_PAYER_270_1": 0.0, "21_2_270_1": 0.0, "22_A_270_1": 1.0, "23_2.95e_270_1": 0.4, "24_UE_270_1": 0.0, "25_PIECE_270_1": 0.0, "26_*PASTEI_270_1": 0.14285714285714285, "27_1.55\u20ac_270_1": 0.4, "28_BRUT_270_1": 0.0, "29_*75CL_270_1": 0.6, "30_IDRE_270_1": 0.5, "0_BIENTOT_426_2": 0.0, "1_MERCI_426_2": 0.0, "2_DE_426_2": 0.0, "3_VOTRE_426_2": 0.0, "4_VISITE_426_2": 0.0, "0_MERCI_120_2": 0.0, "1_DE_120_2": 0.0, "2_VOTRE_120_2": 0.0, "3_VISITE_120_2": 0.0, "4_001284_120_2": 0.0, "5_0008_120_2": 0.0, "6_004_120_2": 0.0, "7_12/12/2015_120_2": 0.1, "8_20:59:09_120_2": 0.0, "9_EMMENTAL_120_2": 0.0, "10_RAPE_120_2": 0.0, "11_CRF_120_2": 0.0, "12_0.08\u20ac_120_2": 0.4, "13_Details:_120_2": 0.0, "14_compte_120_2": 0.0, "15_votre_120_2": 0.0, "16_fidelite_120_2": 0.0, "17_Carrefour._120_2": 0.0, "18_auriez_120_2": 0.0, "19_0.08\u20ac_120_2": 0.4, "20_sur_120_2": 0.0, "21_vous_120_2": 0.0, "22_cumule_120_2": 0.0, "0_ _receipt_00520_0": 2.0, "0_MERCI_147_1": 0.0, "1_DE_147_1": 0.0, "2_VOTRE_147_1": 0.0, "3_VISITE_147_1": 0.0, "4_0010_147_1": 1.0, "5_003_147_1": 0.0, "6_000073_147_1": 0.0, "7_04/05/2016_147_1": 0.1, "8_11:53:48_147_1": 0.0, "9_CARTE_147_1": 0.0, "10_BANCAIRE_147_1": 0.125, "11_EUR_147_1": 0.0, "12_EMV_147_1": 0.6666666666666666, "13_6.37\u20ac_147_1": 0.4, "14_3_147_1": 1.0, "15_AITICLE_147_1": 0.0, "16_(S)_147_1": 1.0, "17_TOTAL_147_1": 0.0, "18_A_147_1": 0.0, "19_PAYER_147_1": 0.0, "20_6.37\u20ac_147_1": 0.4, "21_SALADI_147_1": 0.16666666666666666, "22_VENEZIA_147_1": 0.2857142857142857, "23_4.23\u20ac_147_1": 0.4, "24_CIABAI_147_1": 0.16666666666666666, "25_TA_147_1": 1.5, "26_1.15\u20ac_147_1": 0.4, "27_(ENOISE_147_1": 0.14285714285714285, "28_150G_147_1": 0.25, "29_FOURR_147_1": 0.0, "30_0.99\u20ac_147_1": 0.4, "31_DESCRIPTION_147_1": 0.09090909090909091, "32_QTE_147_1": 0.0, "33_MONTANT_147_1": 0.14285714285714285, "0_ _receipt_00192_0": 1.0, "0_ _receipt_00149_0": 2.0, "0_0010_63_1": 0.0, "1_004_63_1": 0.3333333333333333, "2_000261_63_1": 0.16666666666666666, "3_05/01/2017_63_1": 0.0, "4_14:56:18_63_1": 0.0, "5_4.32\u20ac_63_1": 0.4, "6_CARTE_63_1": 0.0, "7_BANCAIRE_63_1": 0.0, "8_EUR_63_1": 0.0, "9_EMV_63_1": 0.3333333333333333, "10_4_63_1": 1.0, "11_ARTICLE_63_1": 0.0, "12_(S)_63_1": 0.6666666666666666, "13_TOTAL_63_1": 0.8, "14_A_63_1": 0.0, "15_PAYER_63_1": 0.0, "16_4.32\u20ac_63_1": 0.4, "17_*POIRES_63_1": 0.0, "18_0.99_63_1": 0.25, "19_0.99\u20ac_63_1": 0.6, "20_0.515kg_63_1": 0.0, "21_1.95\u20ac/kg_63_1": 0.25, "22_x_63_1": 0.0, "23_*BANANE_63_1": 0.14285714285714285, "24_1.00\u20ac_63_1": 0.4, "25_*AVOCAT_63_1": 0.2857142857142857, "26_1.30\u20ac_63_1": 0.4, "27_*4X1256_63_1": 0.0, "28_VELOUTE_63_1": 0.0, "29_NAT_63_1": 0.3333333333333333, "30_1.03\u20ac_63_1": 0.4, "31_QTE_63_1": 0.0, "32_DESCRIPTION_63_1": 0.0, "33_MONTANT_63_1": 0.14285714285714285, "0_MERCI_52_1": 0.0, "1_DE_52_1": 0.0, "2_VOTRE_52_1": 0.0, "3_VISITE_52_1": 0.0, "4_003_52_1": 0.0, "5_000298_52_1": 0.0, "6_03/01/2017_52_1": 0.0, "7_16:45:55_52_1": 0.125, "8_Votre_52_1": 0.0, "9_Monnaie_52_1": 0.0, "10_-6.76\u20ac_52_1": 0.3333333333333333, "11_ESPECES_52_1": 0.0, "12_EUR_52_1": 0.0, "13_10.00\u20ac_52_1": 0.3333333333333333, "14_AITICLE(S)_52_1": 0.0, "15_TOTAL._52_1": 0.16666666666666666, "16_2_52_1": 0.0, "17_A_52_1": 0.0, "18_PAYER_52_1": 0.0, "19_2.24\u20ac_52_1": 0.4, "20_*BRIOCHE_52_1": 0.375, "21_CARREFOUR_52_1": 0.0, "22_1.48\u20ac_52_1": 0.4, "23_*5X1001_52_1": 0.42857142857142855, "24_CHOC.LAIT_52_1": 0.1111111111111111, "25_1.76\u20ac_52_1": 0.4, "26_DESCRIPTION_52_1": 0.2727272727272727, "27_QTE_52_1": 0.3333333333333333, "28_MONTANT_52_1": 0.2857142857142857, "0_0.09\u20ac_5_1": 0.4, "1_sur_5_1": 0.0, "2_cumule_5_1": 0.0, "3_auriez_5_1": 0.0, "4_fidelite,_5_1": 0.0, "5_la_5_1": 0.0, "6_carte_5_1": 0.0, "7_aviez_5_1": 0.0, "8_11.16\u20ac_5_1": 0.3333333333333333, "9_CONTACT_5_1": 0.0, "10_EUR_5_1": 0.0, "11_EMV_5_1": 0.3333333333333333, "12_SANS_5_1": 0.0, "13_CB_5_1": 0.5, "14_11.16\u20ac_5_1": 0.3333333333333333, "15_PAYER_5_1": 0.0, "16_ARTICLE_5_1": 0.0, "17_(S)_5_1": 0.6666666666666666, "18_TOTAL_5_1": 0.2, "19_A_5_1": 0.0, "20_5_5_1": 0.0, "21_2.44\u20ac_5_1": 0.4, "22_CIDRE_5_1": 0.0, "23_*KERISAC_5_1": 0.0, "24_BRUT_5_1": 0.0, "25_1.75\u20ac_5_1": 0.4, "26_G_5_1": 1.0, "27_PLEIN_5_1": 0.0, "28_AIR_5_1": 0.3333333333333333, "29_*6_5_1": 1.0, "30_OEUF_5_1": 0.25, "31_1.85\u20ac_5_1": 0.4, "32_*40CL_5_1": 0.0, "33_FLEURETTE_5_1": 0.0, "34_30%_5_1": 0.3333333333333333, "35_3.00\u20ac_5_1": 0.4, "36_CHOCO_5_1": 0.2, "37_*363G_5_1": 0.4, "38_GAUFRE_5_1": 0.0, "39_2.12\u20ac_5_1": 0.4, "40_*2056_5_1": 0.4, "41_DESSERT_5_1": 0.0, "42_NOIR_5_1": 0.0, "43_HONTANT_5_1": 0.0, "44_QTE_5_1": 0.3333333333333333, "45_DESCRIPTION_5_1": 0.0, "0_/kg_707_0": 0.0, "1_kg_707_0": 0.0, "2_\u20ac_707_0": 0.0, "3_Num_707_0": 0.0, "4_:_707_0": 1.0, "5_Ticket_707_0": 0.0, "6_4424_707_0": 0.0, "7_Rayon_707_0": 0.0, "8_1_707_0": 2.0, "9_User_707_0": 0.0, "10_Vendeur:_707_0": 0.0, "11_Balance:_707_0": 0.0, "12_Client:_707_0": 0.0, "13_706_707_0": 0.0, "14_17220_707_0": 0.0, "15_LA_707_0": 0.0, "16_JARNE_707_0": 0.0, "17_ROUTE_707_0": 0.0, "18_D_707_0": 0.0, "19_ANTAN_707_0": 0.0, "0_ _receipt_00255_0": 2.0, "0_TICKET_609_3": 0.0, "1_A_609_3": 1.0, "2_CONSERVER_609_3": 0.0, "3_BIENTOT_609_3": 0.0, "4_MERCI_609_3": 0.4, "5_VOTRE_609_3": 0.0, "6_VISITE_609_3": 0.0, "7_DE_609_3": 0.0, "8_224_609_3": 1.0, "9_09/03/17_609_3": 0.0, "10_926351_609_3": 0.0, "11_CD_609_3": 1.0, "12_12:50_609_3": 0.0, "13_7_609_3": 1.0, "14_Operateur_609_3": 0.0, "15_Ticket_609_3": 0.0, "16_Date_609_3": 0.0, "17_Heure_609_3": 0.0, "18_TPV_609_3": 0.6666666666666666, "19_(Vair_609_3": 0.4, "20_conditions_609_3": 0.0, "21_a_609_3": 1.0, "22_l'accueil_609_3": 0.2222222222222222, "23_nagasin)_609_3": 0.0, "24_du_609_3": 0.0, "25_ET_609_3": 0.5, "26_SUR_609_3": 0.0, "27_MAGASINS-U.COM_609_3": 0.2857142857142857, "28_RENDEZ-VOUS_609_3": 0.18181818181818182, "29_EN_609_3": 0.0, "30_MAGASIN_609_3": 0.42857142857142855, "31_LES_609_3": 0.0, "32_PETITS_609_3": 0.0, "33_NOUVEAUX_609_3": 0.5, "34_DES_609_3": 0.0, "35_PRODUITS_609_3": 0.0, "36_U_609_3": 1.0, "37_SPECIAL_609_3": 0.0, "38_MAT_609_3": 1.0, "39_ET_609_3": 0.5, "40_LOU_609_3": 0.6666666666666666, "41_VOS_609_3": 1.0, "42_EXCLUSIVITES_609_3": 0.0, "43_PRODUITS_609_3": 0.0, "44_U_609_3": 1.0, "0_18/03/2017_709_1": 0.0, "1_:_709_1": 2.0, "2_ticket_709_1": 0.0, "3_11:34_709_1": 0.0, "4_No_709_1": 0.5, "5_26_709_1": 0.0, "6_Caisse_709_1": 0.0, "7_02_709_1": 0.0, "8_4_709_1": 0.0, "9_-_709_1": 0.0, "10_20.0%_709_1": 0.0, "11_12.50_709_1": 0.0, "12_2.50_709_1": 0.0, "13_\u20ac_709_1": 1.0, "14_\u20ac_709_1": 1.0, "15_T.V.A._709_1": 0.0, "16_Taux_709_1": 0.0, "17_TVA_709_1": 0.0, "18_Montant_709_1": 0.0, "19_H.T._709_1": 0.0, "20_Carte_709_1": 0.0, "21_Bancaire_709_1": 0.0, "22_15.00_709_1": 0.0, "23_\u20ac_709_1": 0.0, "24_Total_709_1": 0.0, "25_15.00_709_1": 1.0, "26_\u20ac_709_1": 0.0, "27_048555735467_709_1": 0.0, "28_310_709_1": 0.0, "29_7.50_709_1": 0.0, "30_\u20ac_709_1": 0.0, "31_048535735112_709_1": 0.0, "32_310_709_1": 0.0, "33_7.50_709_1": 0.5, "34_\u20ac_709_1": 0.0, "0_KEMBALI_receipt_00778_1": 0.14285714285714285, "1_1,000_receipt_00778_1": 0.0, "2_NON_receipt_00778_1": 0.0, "3_TUNAI_receipt_00778_1": 0.0, "4_0_receipt_00778_1": 0.0, "5_TUNAI_receipt_00778_1": 0.0, "6_55,500_receipt_00778_1": 0.3333333333333333, "7_TOTAL_receipt_00778_1": 0.0, "8_54,500_receipt_00778_1": 0.0, "9_PEMBULATAN_receipt_00778_1": 0.0, "10_4.9_receipt_00778_1": 0.3333333333333333, "11_BIAYA_receipt_00778_1": 0.0, "12_CC_receipt_00778_1": 1.0, "13_0_receipt_00778_1": 0.0, "14_PAJAK_receipt_00778_1": 0.0, "15_0 %_receipt_00778_1": 0.3333333333333333, "16_0_receipt_00778_1": 0.0, "17_PAJAK_receipt_00778_1": 0.0, "18_PPN_receipt_00778_1": 0.0, "19_10 %_receipt_00778_1": 0.25, "20_4,954.1_receipt_00778_1": 0.0, "21_BIAYA_receipt_00778_1": 0.0, "22_TAMBAHAN_receipt_00778_1": 0.0, "23_0_receipt_00778_1": 0.0, "0_BIENTOT_593_1": 0.14285714285714285, "1_A_593_1": 0.0, "2_MERCI_593_1": 0.0, "3_DE_593_1": 0.0, "4_VOTRE_593_1": 0.0, "5_VISITE_593_1": 0.0, "6_000019_593_1": 0.0, "7_001_593_1": 0.3333333333333333, "8_18/05/2017_593_1": 0.0, "9_0007_593_1": 1.0, "10_08:32:28_593_1": 0.0, "11_--0.06\u20ac_593_1": 0.42857142857142855, "12_Monnaie_593_1": 0.0, "13_Votre_593_1": 0.0, "14_ESPECES_593_1": 0.0, "15_EUR_593_1": 0.0, "16_2.50\u20ac_593_1": 0.4, "17_ARTICLE(S)_593_1": 0.0, "18_TOTAL_593_1": 0.0, "19_A_593_1": 0.0, "20_PAYER_593_1": 0.0, "21_2.44\u20ac_593_1": 0.4, "22_1/2ECRE_593_1": 0.14285714285714285, "23_*BP_593_1": 1.0, "24_1L_593_1": 1.0, "25_LAIT_593_1": 0.5, "26_0.93\u20ac_593_1": 0.4, "27_*300G_593_1": 0.4, "28_PRINCE_593_1": 0.0, "29_LAITC_593_1": 0.6, "30_1.51\u20ac_593_1": 0.4, "0_MONTANT_504_0": 0.2857142857142857, "1_QTE_504_0": 1.0, "2_DESCRIPTION_504_0": 0.0, "3_Aytre._504_0": 0.16666666666666666, "4_Gargot_504_0": 0.0, "5_17440_504_0": 0.0, "6_Nicolas_504_0": 0.0, "7_Rue_504_0": 0.0, "8_12h30_504_0": 0.0, "9_9h_504_0": 0.5, "10_a_504_0": 0.0, "11_Dimanche_504_0": 0.0, "12_20h00_504_0": 0.0, "13_Samedi_504_0": 0.0, "14_9h_504_0": 0.5, "15_a_504_0": 0.0, "16_de_504_0": 0.0, "17_Lundi_504_0": 0.0, "18_au_504_0": 0.0, "19_:_504_0": 2.0, "20_0546457320_504_0": 0.0, "21_Tel_504_0": 0.0, "22_AYTRE_504_0": 0.0, "23_Carrefour_504_0": 0.0, "24_market_504_0": 0.0, "0_CASH_receipt_00621_1": 0.5, "1_100,000_receipt_00621_1": 0.0, "2_CLASSIC_receipt_00621_1": 0.0, "3_1_receipt_00621_1": 0.0, "4_CREAMCEESE_receipt_00621_1": 0.1, "5_CINNAM_receipt_00621_1": 0.0, "6_10,000_receipt_00621_1": 0.0, "7_2_receipt_00621_1": 0.0, "8_TLJ_receipt_00621_1": 0.6666666666666666, "9_SPANISH_receipt_00621_1": 0.0, "10_COFFEE_receipt_00621_1": 0.0, "11_70,000_receipt_00621_1": 0.0, "0_DESCRIPTION_165_0": 0.0, "1_QTE_165_0": 1.3333333333333333, "2_MONTANT_165_0": 0.0, "3_:_165_0": 1.0, "4_Tel_165_0": 0.0, "5_17000_165_0": 0.0, "6_33_165_0": 0.0, "7_RUE_165_0": 0.0, "8_DE_165_0": 0.0, "9_LA_165_0": 0.0, "10_SCIERIE_165_0": 0.2857142857142857, "11_CRF-CITY_165_0": 0.0, "12_ROCHELLE_165_0": 0.0, "13_LA_165_0": 0.0, "0_EUR_746_0": 0.0, "1_Total_746_0": 0.0, "2_TVA:_746_0": 0.0, "3_0.77_746_0": 0.0, "4_10._746_0": 0.3333333333333333, "5_EUR_746_0": 0.0, "6_0.77_746_0": 0.25, "7_TR_746_0": 0.0, "8_00_746_0": 0.0, "9_8.50_746_0": 0.25, "10_Credit_746_0": 0.0, "11_EUR_746_0": 0.0, "12_Carte_746_0": 0.0, "13_de_746_0": 0.0, "14_8.50_746_0": 0.5, "15_Total:_746_0": 0.16666666666666666, "16_EUR_746_0": 0.0, "17_x_746_0": 0.0, "18_8.50_746_0": 0.0, "19_Poulet_746_0": 0.0, "20_MS_746_0": 0.0, "21_Risotto_746_0": 0.14285714285714285, "22_1_746_0": 0.0, "23_BGV_746_0": 0.0, "24_137564_746_0": 0.0, "25_19:45_746_0": 0.0, "26_FRA_746_0": 0.0, "27_8390_746_0": 0.0, "28_14_746_0": 0.0, "0_Rounding_receipt_00522_0": 0.0, "1_-25_receipt_00522_0": 0.6666666666666666, "2_5,775_receipt_00522_0": 0.0, "3_Tax_receipt_00522_0": 0.0, "4_2,750_receipt_00522_0": 0.0, "5_Service_receipt_00522_0": 0.0, "6_55,000_receipt_00522_0": 0.0, "7_Total_receipt_00522_0": 0.0, "8_Sub_receipt_00522_0": 0.3333333333333333, "9_1x_receipt_00522_0": 0.5, "10_12,000_receipt_00522_0": 0.0, "11_(Ice)_receipt_00522_0": 0.0, "12_12,000_receipt_00522_0": 0.0, "13_Tea_receipt_00522_0": 0.0, "14_1x_receipt_00522_0": 1.5, "15_43,000_receipt_00522_0": 0.0, "16_43,000_receipt_00522_0": 0.16666666666666666, "17_Singapore_receipt_00522_0": 0.0, "18_Goreng_receipt_00522_0": 0.16666666666666666, "19_Kuey_receipt_00522_0": 0.0, "20_Teow_receipt_00522_0": 0.0, "0_Cash_X51005444040_1": 0.0, "1_140.00_X51005444040_1": 0.0, "2_Tender_X51005444040_1": 0.0, "3_Saving_X51005444040_1": 0.0, "4_Totai_X51005444040_1": 0.0, "5_0.00_X51005444040_1": 0.0, "6_Total_X51005444040_1": 0.0, "7_133.70_X51005444040_1": 0.0, "8_Qty_X51005444040_1": 0.0, "9_Pounding_X51005444040_1": 0.0, "10_5_X51005444040_1": 0.0, "11_0.00_X51005444040_1": 0.0, "12_Item_X51005444040_1": 0.0, "13_2_X51005444040_1": 0.0, "14_133.70_X51005444040_1": 0.0, "15_@_X51005444040_1": 0.0, "16_Total_X51005444040_1": 0.0, "17_with_X51005444040_1": 0.0, "18_GST_X51005444040_1": 0.0, "19_6%_X51005444040_1": 0.0, "20_1430018201_X51005444040_1": 0.0, "21_8.90*3_X51005444040_1": 0.16666666666666666, "22_26.70_X51005444040_1": 0.0, "23_Z_X51005444040_1": 1.0, "24_Honey_X51005444040_1": 0.0, "25_400g_X51005444040_1": 0.0, "26_Fresh_X51005444040_1": 0.0, "27_Cut_X51005444040_1": 0.0, "28_Jackfruit_X51005444040_1": 0.0, "29_Peeled_X51005444040_1": 0.0, "30_53._X51005444040_1": 0.3333333333333333, "31_50*2_X51005444040_1": 0.25, "32_107.00_X51005444040_1": 0.0, "33_S_X51005444040_1": 1.0, "34_Evian_X51005444040_1": 0.2, "35_Mineral_X51005444040_1": 0.14285714285714285, "36_Water_X51005444040_1": 0.0, "37_ox1.25L_X51005444040_1": 0.14285714285714285, "38_Jorvilyn_X51005444040_1": 0.0, "39_:_X51005444040_1": 1.0, "40_Cashier_X51005444040_1": 0.0, "41_18:08:53_X51005444040_1": 0.0, "42_:_X51005444040_1": 1.0, "43_09/03/18_X51005444040_1": 0.0, "44_Tax_X51005444040_1": 0.0, "45_Invoice_X51005444040_1": 0.0, "46_(GST_X51005444040_1": 0.0, "47_REG_X51005444040_1": 0.0, "48_NO_X51005444040_1": 0.0, "49_|_X51005444040_1": 0.0, "50_T:_X51005444040_1": 0.5, "51_03-2093_X51005444040_1": 0.0, "52_7358_X51005444040_1": 0.0, "53_F:_X51005444040_1": 0.5, "54_03-2093_X51005444040_1": 0.0, "55_7359_X51005444040_1": 0.0, "0_:_787_1": 1.0, "1_N_787_1": 2.0, "2_..8506_787_1": 1.0, "3_carte_787_1": 0.0, "4_._787_1": 1.0, "5_._787_1": 1.0, "6_CB_787_1": 0.5, "7_AU_787_1": 0.0, "8_VERSO_787_1": 0.0, "9_RECU_787_1": 0.0, "10_VALANT_787_1": 0.0, "11_FACTURE_787_1": 0.0, "12_euros_787_1": 0.0, "13_PRIX_787_1": 0.0, "14_.2,45_787_1": 0.8, "15_euros_787_1": 0.0, "16_TVA_787_1": 0.0, "0_CHANGE_receipt_00687_1": 0.3333333333333333, "1_0.00_receipt_00687_1": 1.0, "2_VMB_receipt_00687_1": 1.0, "3_BCA_receipt_00687_1": 1.0, "4_154,000.00_receipt_00687_1": 1.0, "0_DESCRIPTION_83_0": 0.0, "1_QTE_83_0": 0.0, "2_MONTANT_83_0": 0.2857142857142857, "3_:_83_0": 1.0, "4_Tel_83_0": 0.0, "5_17000_83_0": 0.0, "6_ROCHELLE_83_0": 0.0, "7_33_83_0": 0.0, "8_RUE_83_0": 0.0, "9_DE_83_0": 0.0, "10_LA_83_0": 0.0, "11_SCIERIE_83_0": 0.14285714285714285, "12_CRF-CITY_83_0": 0.0, "13_LA_83_0": 0.0, "14_ROCHELLE_83_0": 0.0, "0_KEMBALI_receipt_00702_1": 0.42857142857142855, "1_16,201_receipt_00702_1": 0.5, "2_TUNAI_receipt_00702_1": 0.6, "3_100,000_receipt_00702_1": 0.14285714285714285, "4_TOTAL_receipt_00702_1": 1.0, "5_GRAND_receipt_00702_1": 0.2, "6_83,799_receipt_00702_1": 0.0, "7_%_receipt_00702_1": 1.0, "8_TAX_receipt_00702_1": 1.0, "9_10.00_receipt_00702_1": 0.2, "10_7,618_receipt_00702_1": 0.2, "11_76,181_receipt_00702_1": 0.6666666666666666, "12_TOTAL_receipt_00702_1": 0.2, "13_13,000_receipt_00702_1": 0.3333333333333333, "14_NONA_receipt_00702_1": 0.75, "15_13,000_receipt_00702_1": 0.16666666666666666, "16_1_receipt_00702_1": 3.0, "17_ES_receipt_00702_1": 0.0, "18_REGULAR_receipt_00702_1": 0.42857142857142855, "19_20,000_receipt_00702_1": 0.0, "20_MURNI_receipt_00702_1": 0.8, "21_20,000_receipt_00702_1": 0.16666666666666666, "22_JERUK_receipt_00702_1": 0.4, "23_1_receipt_00702_1": 1.0, "24_43,181_receipt_00702_1": 0.3333333333333333, "25_43,181_receipt_00702_1": 0.6666666666666666, "26_BIHUN_receipt_00702_1": 0.4, "27_CAMPUR_receipt_00702_1": 0.6666666666666666, "28_1_receipt_00702_1": 1.0, "0_A_586_2": 0.0, "1_BIENTOT_586_2": 0.0, "0_Lumpur_X51005444033_0": 0.0, "1_50490,_X51005444033_0": 0.0, "2_Kuala_X51005444033_0": 0.0, "3_Heights_X51005444033_0": 0.0, "4_Batai,_X51005444033_0": 0.0, "5_Plaza_X51005444033_0": 0.0, "6_Damansara_X51005444033_0": 0.0, "7_6,_X51005444033_0": 0.0, "8_Batai,_X51005444033_0": 0.0, "9_Jalan_X51005444033_0": 0.0, "10_Lot_X51005444033_0": 0.0, "11_(913144-A)_X51005444033_0": 0.0, "12_GROCER_X51005444033_0": 0.0, "13_SDN._X51005444033_0": 0.25, "14_BHD_X51005444033_0": 0.3333333333333333, "15_BENS_X51005444033_0": 0.0, "0_A_88_2": 0.0, "1_BIENTOT_88_2": 0.0, "0_(5)_636_0": 0.0, "1_CARTE_636_0": 0.0, "2_DBL_636_0": 0.0, "3_A4_636_0": 1.0, "4_GR_636_0": 0.0, "5_x1_636_0": 0.0, "6_recu_636_0": 0.25, "7_par_636_0": 0.0, "8_Vous_636_0": 0.0, "9_avez_636_0": 0.0, "10_ete_636_0": 0.3333333333333333, "11_THOMAS_636_0": 0.0, "12_Du_636_0": 0.5, "13_lundi_636_0": 0.2, "14_au_636_0": 0.0, "15_samedi_636_0": 0.0, "16_de_636_0": 0.0, "17_9h_636_0": 0.0, "18_a_636_0": 0.0, "19_20h_636_0": 0.0, "20_Tel_636_0": 0.0, "21_05_636_0": 0.5, "22_46_636_0": 0.5, "23_35_636_0": 1.0, "24_50_636_0": 0.0, "25_50_636_0": 0.0, "26_jubile_636_0": 0.3333333333333333, "27_l'esprit_636_0": 0.125, "0_A_424_1": 0.0, "1_BIENTOT_424_1": 0.0, "2_MERCI_424_1": 0.0, "3_DE_424_1": 0.0, "4_VOTRE_424_1": 0.0, "5_VISITE_424_1": 0.0, "6_0005_424_1": 0.25, "7_003_424_1": 0.0, "8_000496_424_1": 0.0, "9_13/04/2017_424_1": 0.0, "10_20:51:33_424_1": 0.0, "11_CB_424_1": 1.0, "12_EMV_424_1": 0.3333333333333333, "13_SANS_424_1": 0.0, "14_CONTACT_424_1": 0.0, "15_EUR_424_1": 0.0, "16_5.67\u20ac_424_1": 0.4, "17_2_424_1": 0.0, "18_ATICLE(S)_424_1": 0.1111111111111111, "19_TOTAL_424_1": 0.0, "20_A_424_1": 1.0, "21_PAYER_424_1": 0.0, "22_5.67\u20ac_424_1": 0.4, "23_*PIZZA_424_1": 1.0, "24_MOZZAR.RISTO_424_1": 0.25, "25_2.69\u20ac_424_1": 0.4, "26_*PIZZ._424_1": 0.8333333333333334, "27_HEV.CRF_424_1": 0.14285714285714285, "28_440G_424_1": 0.25, "29_2.98\u20ac_424_1": 0.4, "0_28,000_receipt_00452_1": 0.0, "1_Change_receipt_00452_1": 0.16666666666666666, "2_50,000_receipt_00452_1": 0.0, "3_CASH_receipt_00452_1": 0.25, "4_22,000_receipt_00452_1": 0.16666666666666666, "5_Total_receipt_00452_1": 0.0, "6_22,000_receipt_00452_1": 0.0, "7_1_receipt_00452_1": 0.0, "8_Classic_receipt_00452_1": 0.0, "9_Milktea_receipt_00452_1": 0.0, "0_SAMGYETANG_receipt_00709_0": 0.0, "1_135,000_receipt_00709_0": 0.0, "2_JINSENG_receipt_00709_0": 0.0, "3_1_receipt_00709_0": 1.0, "4_92,000_receipt_00709_0": 0.0, "5_GALBI_receipt_00709_0": 0.0, "6_TANG_receipt_00709_0": 0.0, "7_1_receipt_00709_0": 1.0, "8_75,000_receipt_00709_0": 0.0, "9_SOONDUBU_receipt_00709_0": 0.0, "10_CHIGE_receipt_00709_0": 0.0, "11_1_receipt_00709_0": 1.0, "12_194,000_receipt_00709_0": 0.0, "13_SAMGYOPSAL_receipt_00709_0": 0.0, "14_2_receipt_00709_0": 0.0, "15_97,000_receipt_00709_0": 0.0, "16_MOKDENGSIM_receipt_00709_0": 0.0, "17_1_receipt_00709_0": 1.0, "18_194,000_receipt_00709_0": 0.0, "19_2_receipt_00709_0": 0.0, "20_YANG_receipt_00709_0": 0.0, "21_YUM_receipt_00709_0": 0.0, "22_GUI_receipt_00709_0": 0.6666666666666666, "0_18.59\u20ac_475_1": 0.16666666666666666, "1_A_475_1": 0.0, "2_PAYER_475_1": 0.0, "3_ARTICLE_475_1": 0.0, "4_(S)_475_1": 0.3333333333333333, "5_TOTAL_475_1": 0.8, "6_10_475_1": 0.0, "7_9.54\u20ac_475_1": 0.4, "8_HYGIENE_475_1": 0.14285714285714285, "9_SANTE_475_1": 0.0, "10_/_475_1": 1.0, "11_/_475_1": 1.0, "12_BEAUTE_475_1": 0.0, "13_TOTAL_475_1": 0.0, "14_6.34\u20ac_475_1": 0.4, "15_2x_475_1": 1.0, "16_2.17_475_1": 1.0, "17_PAMPERS_475_1": 0.14285714285714285, "18_T1_475_1": 0.5, "19_NB_475_1": 0.5, "20_X22_475_1": 0.0, "21_3.20\u20ac_475_1": 0.4, "22_ALLAIT._475_1": 0.42857142857142855, "23_LOUSSINETS_475_1": 0.0, "24_9.05\u20ac_475_1": 0.4, "25_ALIMENTAIRE_475_1": 0.2727272727272727, "26_1.88\u20ac_475_1": 0.4, "27_FRUITS_475_1": 0.0, "28_RGES_475_1": 0.25, "29_JRT_475_1": 0.3333333333333333, "30_0.99\u20ac_475_1": 0.4, "31_ORANGE_475_1": 0.0, "32_1KG_475_1": 0.3333333333333333, "33_1.14\u20ac_475_1": 0.4, "34_JUS_475_1": 0.6666666666666666, "35_ABC_475_1": 0.6666666666666666, "36_1L_475_1": 0.5, "37_0.50\u20ac_475_1": 0.4, "38_250G_475_1": 0.25, "39_JETTE_475_1": 0.2, "40_1.60\u20ac_475_1": 0.4, "41_RICUBE_475_1": 0.0, "42_NATURX24_475_1": 0.125, "43_1.30\u20ac_475_1": 0.4, "44_FRAI_475_1": 0.25, "45_SAV_475_1": 0.0, "46_YAB_475_1": 0.6666666666666666, "47_*85_475_1": 0.6666666666666666, "48_1.64\u20ac_475_1": 0.4, "49_POUD.INST.CAR_475_1": 0.15384615384615385, "50_450_475_1": 0.3333333333333333, "0_Change:_receipt_00720_1": 0.2857142857142857, "1_0_receipt_00720_1": 1.0, "2_264,000_receipt_00720_1": 0.14285714285714285, "3_[264,000]_receipt_00720_1": 0.0, "4_~ CASH_receipt_00720_1": 0.3333333333333333, "5_GRAND_receipt_00720_1": 0.0, "6_TOTAL_receipt_00720_1": 0.8, "7_RESTAURANT_receipt_00720_1": 0.1, "8_TAX_receipt_00720_1": 0.0, "9_24,000_receipt_00720_1": 0.0, "10_240,000_receipt_00720_1": 0.0, "11_SUB._receipt_00720_1": 0.75, "12_TOTAL_receipt_00720_1": 0.8, "13_21,818_receipt_00720_1": 0.0, "14_COLD_receipt_00720_1": 1.0, "15_OCHA_receipt_00720_1": 0.75, "16_2_receipt_00720_1": 0.0, "17_CROQUETTE_receipt_00720_1": 0.4444444444444444, "18_12,727_receipt_00720_1": 0.16666666666666666, "19_BEEF_receipt_00720_1": 0.25, "20_1_receipt_00720_1": 1.0, "21_BEEF_receipt_00720_1": 0.0, "22_CURRY_receipt_00720_1": 0.4, "23_49,091_receipt_00720_1": 0.16666666666666666, "24_UDON_receipt_00720_1": 0.25, "25_1_receipt_00720_1": 1.0, "26_10,909_receipt_00720_1": 0.0, "27_HOT_receipt_00720_1": 0.3333333333333333, "28_OCHA_receipt_00720_1": 0.75, "29_1_receipt_00720_1": 2.0, "0_DESCRIPTION_70_0": 0.0, "1_QTE_70_0": 1.0, "2_MONTANT_70_0": 0.0, "3_:_70_0": 1.0, "4_Tel_70_0": 0.0, "5_17000_70_0": 0.0, "6_LA_70_0": 0.0, "7_ROCHELLE_70_0": 0.0, "8_33_70_0": 0.0, "9_RUE_70_0": 0.0, "10_DE_70_0": 0.0, "11_LA_70_0": 0.0, "12_SCIERIE_70_0": 0.0, "13_CRF-CITY_70_0": 0.0, "14_LA_70_0": 0.5, "15_ROCHELLE_70_0": 0.0, "0_10,000_receipt_00312_0": 0.0, "1_1_receipt_00312_0": 1.0, "2_TWIST_receipt_00312_0": 0.0, "3_ORANGE_receipt_00312_0": 0.16666666666666666, "4_CHOCO_receipt_00312_0": 0.8, "5_DONUT_receipt_00312_0": 0.0, "0_BIENTOT_286_2": 0.0, "1_VISITE_286_2": 0.0, "2_MERCI_286_2": 0.0, "3_DE_286_2": 0.0, "4_VOTRE_286_2": 0.0, "0_Change_receipt_00751_1": 0.3333333333333333, "1_0_receipt_00751_1": 2.0, "2_Pay_receipt_00751_1": 0.3333333333333333, "3_160,000_receipt_00751_1": 0.14285714285714285, "4_Cash_receipt_00751_1": 0.25, "5_160,000_receipt_00751_1": 0.14285714285714285, "6_Total._receipt_00751_1": 0.16666666666666666, "7_Rounding_receipt_00751_1": 0.125, "8_-4_receipt_00751_1": 1.0, "9_VAT_receipt_00751_1": 0.0, "10_10%_receipt_00751_1": 0.0, "11_14,546_receipt_00751_1": 0.5, "12_145,458_receipt_00751_1": 0.2857142857142857, "13_ITEMS :6_receipt_00751_1": 0.375, "14_FRENCH_receipt_00751_1": 0.16666666666666666, "15_18,182_receipt_00751_1": 0.3333333333333333, "16_1_receipt_00751_1": 1.0, "17_FRIES_receipt_00751_1": 0.2, "18_34,546_receipt_00751_1": 0.3333333333333333, "19_2_receipt_00751_1": 0.0, "20_ES JERUK_receipt_00751_1": 0.25, "21_30,001_receipt_00751_1": 0.16666666666666666, "22_1_receipt_00751_1": 1.0, "23_1_receipt_00751_1": 1.0, "24_MIE SIRAM_receipt_00751_1": 0.1111111111111111, "25_AYAM_receipt_00751_1": 0.25, "26_30,910_receipt_00751_1": 0.16666666666666666, "27_1_receipt_00751_1": 1.0, "28_MIE_receipt_00751_1": 0.0, "29_+ AYAM_receipt_00751_1": 0.16666666666666666, "30_KATSU TERI..._receipt_00751_1": 0.07692307692307693, "31_31,819_receipt_00751_1": 0.3333333333333333, "0_CORDON_receipt_00290_0": 0.3333333333333333, "1_BLEU_receipt_00290_0": 0.5, "0_00018_661_4": 0.0, "1_M09133_661_4": 0.0, "2_Co02_661_4": 0.75, "3_T0201_661_4": 0.0, "4_16:51:25_661_4": 0.25, "5_3/06/2017_661_4": 0.0, "6_MIEUX_661_4": 0.0, "7_<<<VOTRE_661_4": 0.5, "8_FIDELITE_661_4": 0.125, "9_visites_661_4": 0.0, "10_et_661_4": 0.0, "11_votre_661_4": 0.0, "12_bonus_661_4": 0.0, "13_+25%._661_4": 0.4, "14_4_661_4": 1.0, "15_grace_661_4": 0.4, "16_Vous_661_4": 0.0, "17_avez_661_4": 0.0, "18_cumule_661_4": 0.0, "19_0.21_661_4": 0.0, "20_EUR_661_4": 0.0, "21_-Le_661_4": 0.6666666666666666, "22_mois_661_4": 0.0, "23_dernier-_661_4": 0.125, "24_[-]_661_4": 0.6666666666666666, "25_[x]_661_4": 0.3333333333333333, "26_[x]_661_4": 0.6666666666666666, "27_[-]_661_4": 0.6666666666666666, "28_mois_661_4": 0.0, "29_fin_661_4": 0.0, "30_du_661_4": 0.0, "31_toucter_661_4": 0.14285714285714285, "32_votre_661_4": 0.0, "33_bonus_661_4": 0.0, "34_de_661_4": 0.0, "35_25%_661_4": 0.0, "36_Ce_661_4": 0.0, "37_visites_661_4": 0.0, "38_pour_661_4": 0.0, "39_mois-ci,_661_4": 1.0, "40_encore_661_4": 0.0, "41_2_661_4": 0.0, "0_ _receipt_00222_0": 0.0, "0_STRAWBERRY_receipt_00557_0": 0.0, "1_1_receipt_00557_0": 1.0, "2_FRESH_receipt_00557_0": 0.0, "3_CREAM_receipt_00557_0": 0.0, "4_CA_receipt_00557_0": 0.0, "5_190,000_receipt_00557_0": 0.0, "0_Taux_754_2": 0.0, "1_Mt_754_2": 0.0, "2_HT_754_2": 0.0, "3_T.V.A_754_2": 0.0, "4_Mt_754_2": 0.0, "5_TTC_754_2": 0.3333333333333333, "6_92,828_754_2": 0.5, "7_CARTE_754_2": 0.0, "8_CREDIT_754_2": 0.0, "9_Euro_754_2": 0.5, "10_0,25_754_2": 0.25, "11_1,24_754_2": 0.0, "12_4,95\u20ac_754_2": 0.6, "13_X_754_2": 0.0, "14_GRENADE_754_2": 0.2857142857142857, "15_23,50e_754_2": 0.3333333333333333, "16_0,276_754_2": 0.2, "17_6,49_754_2": 0.25, "18_X_754_2": 0.0, "19_NOIX_754_2": 0.0, "20_DE_754_2": 0.0, "21_CAJOU_754_2": 0.0, "22_VRAC_754_2": 0.0, "23_0,9_754_2": 0.3333333333333333, "24_4,80e_754_2": 0.4, "25_4,32_754_2": 0.0, "26_X_754_2": 0.0, "27_1/2_754_2": 0.3333333333333333, "28_BASM_754_2": 0.0, "29_COMPL_754_2": 0.0, "30_VRAC_754_2": 0.0, "31_RIZ_754_2": 0.6666666666666666, "32_6,03\u20ac_754_2": 0.2, "33_1,12_754_2": 0.0, "34_0,185_754_2": 0.2, "35_X_754_2": 0.0, "36_GINGEMBRE_754_2": 0.0, "37_RACINE_754_2": 0.0, "38_FRAICHE_754_2": 0.0, "0_100,000_receipt_00768_1": 0.0, "1_CASH_receipt_00768_1": 0.0, "0_BLACK_receipt_00335_0": 0.0, "1_CHEESE_receipt_00335_0": 0.0, "2_20,000_receipt_00335_0": 0.0, "3_1_receipt_00335_0": 1.0, "4_HOTDOG_receipt_00335_0": 0.0, "5_POTATO_receipt_00335_0": 0.0, "6_SAUSAGE_receipt_00335_0": 0.14285714285714285, "7_1_receipt_00335_0": 1.0, "8_BREAD_receipt_00335_0": 0.0, "9_19,000_receipt_00335_0": 0.0, "10_2_receipt_00335_0": 0.0, "11_CRANBERRY_receipt_00335_0": 0.0, "12_(S)_receipt_00335_0": 1.0, "13_WALNUT_receipt_00335_0": 0.0, "14_17,000_receipt_00335_0": 0.0, "15_3_receipt_00335_0": 1.0, "16_TWIST_receipt_00335_0": 0.0, "17_DONUT_receipt_00335_0": 1.0, "18_27,000_receipt_00335_0": 0.16666666666666666, "0_:_555_1": 1.0, "1_Carte_555_1": 0.0, "2_-0.04\u20ac_555_1": 0.5, "3_Monnaie_555_1": 0.0, "4_Votre_555_1": 0.0, "5_EUR_555_1": 0.0, "6_6.40\u20ac_555_1": 0.4, "7_ESPECES_555_1": 0.0, "8_ARTICLE_555_1": 0.0, "9_(S)_555_1": 0.6666666666666666, "10_TOTAL_555_1": 0.2, "11_A_555_1": 0.0, "12_PAYER_555_1": 0.0, "13_6.36\u20ac_555_1": 0.0, "14_3_555_1": 0.0, "15_3.40\u20ac/kg_555_1": 0.125, "16_0.208kg_555_1": 0.14285714285714285, "17_x_555_1": 2.0, "18_0.71\u20ac_555_1": 0.4, "19_POMME_555_1": 0.4, "20_PINK_555_1": 0.0, "21_LADY_555_1": 0.0, "22_*F_555_1": 1.0, "23_4.05\u20ac_555_1": 0.4, "24_*280G_555_1": 0.2, "25_AIGUILLET_555_1": 0.1111111111111111, "26_POULE_555_1": 0.0, "27_1.60\u20ac_555_1": 0.4, "28_RAPE_555_1": 0.0, "29_BI_555_1": 0.0, "30_*200G_555_1": 0.2, "31_CAROTTE_555_1": 0.0, "0_@22.000_receipt_00096_0": 0.14285714285714285, "1_1_receipt_00096_0": 0.0, "2_22.000_receipt_00096_0": 0.0, "3_THAI_receipt_00096_0": 0.25, "4_ICED_receipt_00096_0": 0.0, "5_TEA_receipt_00096_0": 0.0, "0_46_767_1": 0.0, "1_32_767_1": 0.0, "2_05_767_1": 0.5, "3_42_767_1": 0.0, "4_TEL_767_1": 0.0, "5_05_767_1": 0.5, "6_MERCI_767_1": 0.0, "7_ET_767_1": 0.0, "8_A_767_1": 1.0, "9_BIENTOT_767_1": 0.2857142857142857, "10_VOUS_767_1": 1.0, "11_CAISSIER_767_1": 0.0, "12_ETE_767_1": 0.0, "13_SERVI_767_1": 0.0, "14_PAR_767_1": 0.0, "15_1_767_1": 0.0, "16_-1-_767_1": 1.0, "17_AVEZ_767_1": 0.25, "18_:_767_1": 1.0, "19_d'articles_767_1": 0.0, "20_100_767_1": 0.0, "21_Nb_767_1": 0.0, "22_total_767_1": 0.0, "23_17/12/2016_767_1": 0.0, "24_TICKET_767_1": 0.0, "25_46355_767_1": 0.0, "26_19:10_767_1": 0.0, "27_Caissel_767_1": 0.14285714285714285, "28_140.00\u20ac_767_1": 0.0, "29_CARTE_767_1": 0.0, "30_BANCAIRE_767_1": 0.125, "31_TOTAL_767_1": 0.2, "0_NONTANT_43_0": 0.14285714285714285, "1_QTE_43_0": 0.3333333333333333, "2_DESCRIPTION_43_0": 0.0, "3_:_43_0": 1.0, "4_Tel_43_0": 0.0, "5_17000_43_0": 0.0, "6_ROCHELLE_43_0": 0.0, "7_SCIERIE_43_0": 0.0, "8_DE_43_0": 0.0, "9_LA_43_0": 0.0, "10_33_43_0": 0.0, "11_RUE_43_0": 0.0, "12_ROCHELLE_43_0": 0.0, "13_CRF-CITY_43_0": 0.0, "14_LA_43_0": 0.0, "0_ _receipt_00656_0": 2.0, "0_104.500_receipt_00459_0": 1.0, "1_Total_receipt_00459_0": 0.2, "2_WATER_receipt_00459_0": 0.2, "3_6.600_receipt_00459_0": 1.0, "4_MINERAL_receipt_00459_0": 0.0, "5_13100000_receipt_00459_0": 0.5, "6_36,300_receipt_00459_0": 0.5, "7_CHEDDAR_receipt_00459_0": 0.0, "8_PO_receipt_00459_0": 1.0, "9_04080000_receipt_00459_0": 0.375, "10_BEEF_receipt_00459_0": 0.5, "11_33,000_receipt_00459_0": 0.0, "12_04010000_receipt_00459_0": 0.125, "13_CHILLY_receipt_00459_0": 0.0, "14_N'CHEESE_receipt_00459_0": 0.0, "15_05130000_receipt_00459_0": 0.125, "16_SOUP_receipt_00459_0": 0.75, "17_28,600_receipt_00459_0": 0.5, "18_ZUPPA_receipt_00459_0": 0.4, "0_16,000_receipt_00381_1": 0.0, "1_CASH_receipt_00381_1": 0.0, "2_16,000_receipt_00381_1": 0.0, "3_DUE_receipt_00381_1": 0.0, "4_PCS_receipt_00381_1": 0.0, "5_2_receipt_00381_1": 0.0, "6_16,000_receipt_00381_1": 0.0, "7_ITEM:_receipt_00381_1": 0.0, "8_2_receipt_00381_1": 0.0, "9_SUBTOTAL_receipt_00381_1": 1.0, "10_8,000_receipt_00381_1": 0.0, "11_1_receipt_00381_1": 1.0, "12_RB._receipt_00381_1": 0.0, "13_COKLAT_receipt_00381_1": 0.16666666666666666, "14_COFFEE_receipt_00381_1": 0.16666666666666666, "15_8,000_receipt_00381_1": 0.0, "16_RB._receipt_00381_1": 0.0, "17_AI-AI_receipt_00381_1": 0.4, "18_1_receipt_00381_1": 2.0, "19_CHOCO_receipt_00381_1": 0.8, "0_YOU._X51005361912_3": 0.5, "1_THANK_X51005361912_3": 0.0, "2_RETURNABLE,_X51005361912_3": 0.09090909090909091, "3_NOT_X51005361912_3": 0.0, "4_ARE_X51005361912_3": 0.0, "5_SOLD_X51005361912_3": 0.0, "6_GOODS_X51005361912_3": 0.0, "7_Tax)._X51005361912_3": 0.0, "8_(Goods_X51005361912_3": 0.0, "9_Services_X51005361912_3": 0.0, "10_&_X51005361912_3": 0.0, "11_Related_X51005361912_3": 0.0, "12_Sold_X51005361912_3": 0.0, "13_Been_X51005361912_3": 0.25, "14_Has_X51005361912_3": 0.0, "15_(*)_X51005361912_3": 0.6666666666666666, "16_Indicated_X51005361912_3": 0.0, "17_The_X51005361912_3": 0.0, "18_Item_X51005361912_3": 0.0, "19_Note:_X51005361912_3": 0.0, "0_ _receipt_00763_0": 3.0, "0_23.24\u20ac_466_3": 0.3333333333333333, "1_/_466_3": 1.0, "2_BEAUTE_466_3": 0.0, "3_/_466_3": 1.0, "4_SANTE_466_3": 0.2, "5_HYGIENE_466_3": 0.42857142857142855, "6_TOTAL_466_3": 1.0, "7_2.68\u20ac_466_3": 0.4, "8_AVOCAT_466_3": 0.16666666666666666, "9_KARITE_466_3": 0.0, "10_SOIN_466_3": 0.25, "11_8.22\u20ac_466_3": 0.4, "12_4.11_466_3": 1.0, "13_NA_466_3": 1.0, "14_2x_466_3": 0.5, "15_DEO_466_3": 0.3333333333333333, "16_BILLE_466_3": 0.0, "17_SANEX_466_3": 0.0, "18_FLUOR&PL_466_3": 0.125, "19_1.66_466_3": 0.0, "20_3.32\u20ac_466_3": 0.4, "21_2x_466_3": 1.0, "22_75ML_466_3": 0.5, "23_DENT_466_3": 0.0, "24_2.26\u20ac_466_3": 0.4, "25_P.H.CRF_466_3": 0.2857142857142857, "26_ECOP_466_3": 0.0, "27_4_466_3": 1.0, "28_RLX_466_3": 0.3333333333333333, "29_3.72\u20ac_466_3": 0.4, "30_SH.J.DESSANG_466_3": 0.0, "31_250ML_466_3": 0.2, "32_1.97\u20ac_466_3": 0.4, "33_DEBOUCH.DESTOP_466_3": 0.14285714285714285, "34_1L_466_3": 1.0, "35_1.07\u20ac_466_3": 0.4, "36_MOUCHOIR_466_3": 0.125, "37_CRF._466_3": 0.25, "38_110_466_3": 0.3333333333333333, "39_20.72\u20ac_466_3": 0.3333333333333333, "40_TOTAL_466_3": 0.0, "41_ALIMENTAIRE_466_3": 0.2727272727272727, "42_2.98_466_3": 0.0, "43_5.96\u20ac_466_3": 0.4, "44_NOISET_466_3": 0.16666666666666666, "45_2x_466_3": 0.5, "46_*XTREM_466_3": 0.5, "47_CHOCO_466_3": 0.0, "48_1.95\u20ac_466_3": 0.4, "49_BACON_466_3": 0.0, "50_TWINUTS_466_3": 0.2857142857142857, "51_0.79\u20ac_466_3": 0.4, "52_GRAPPE_466_3": 0.0, "53_*TOMATE_466_3": 0.2857142857142857, "54_2.00\u20ac_466_3": 0.4, "55_*TOMA.CERISE_466_3": 0.16666666666666666, "56_MELANG_466_3": 0.3333333333333333, "57_1.33\u20ac_466_3": 0.4, "58_*SALSIFIS_466_3": 0.2222222222222222, "59_BONDUELLE_466_3": 0.0, "60_1.43\u20ac_466_3": 0.4, "61_VOLAI.PJEAN_466_3": 0.09090909090909091, "62_*QUENEL_466_3": 0.2857142857142857, "0_BIENTOT_395_2": 0.0, "1_MERCI_395_2": 0.0, "2_DE_395_2": 0.0, "3_VOTRE_395_2": 0.0, "4_VISITE_395_2": 0.0, "5_003_395_2": 0.0, "6_000349_395_2": 0.3333333333333333, "7_10/05/2017_395_2": 0.0, "8_18:36:25_395_2": 0.25, "9_fid8_395_2": 0.25, "10_-50%_395_2": 0.0, "11_sur_395_2": 0.0, "12_le_395_2": 0.0, "13_2e_395_2": 0.0, "14_0.54\u20ac_395_2": 0.4, "15_Details:_395_2": 0.0, "16_:_395_2": 2.0, "0_CAISSE_606_2": 0.0, "1_VENDEUR-_606_2": 0.0, "2_SIRET_606_2": 0.0, "3_A_606_2": 0.0, "4_BIENTOT_606_2": 0.0, "0_QTE_230_0": 0.0, "1_DESCRIPTION_230_0": 0.0, "2_MONTANT_230_0": 0.14285714285714285, "3_Aytre._230_0": 0.0, "4_Gargot_230_0": 0.0, "5_Nicolas_230_0": 0.0, "6_17440_230_0": 0.0, "7_Rue_230_0": 0.0, "8_12h30_230_0": 0.0, "9_Dimanche_230_0": 0.0, "10_9h_230_0": 0.0, "11_a_230_0": 0.0, "12_20h00_230_0": 0.0, "13_de_230_0": 0.0, "14_a_230_0": 0.0, "15_Samedi_230_0": 0.0, "16_9h_230_0": 0.0, "17_Lundi_230_0": 0.0, "18_au_230_0": 0.0, "19_0546457320_230_0": 0.0, "20_Tel_230_0": 0.0, "21_AYTRE_230_0": 0.0, "22_market_230_0": 0.0, "23_Carrefour_230_0": 0.0, "0_0004_24_1": 0.0, "1_004_24_1": 0.0, "2_16/02/2017_24_1": 0.1, "3_000403_24_1": 0.0, "4_17:11:22_24_1": 0.0, "5_Votre_24_1": 0.0, "6_Monnaie_24_1": 0.0, "7_-1.16\u20ac_24_1": 0.3333333333333333, "8_ESPECES_24_1": 0.0, "9_EUR_24_1": 0.0, "10_10.00\u20ac_24_1": 0.3333333333333333, "11_(S)_24_1": 0.6666666666666666, "12_4_24_1": 0.0, "13_ARTICLE_24_1": 0.0, "14_TOTAL_24_1": 0.0, "15_PAYER_24_1": 0.0, "16_A_24_1": 1.0, "17_8.84\u20ac_24_1": 0.4, "18_1.035kg_24_1": 0.0, "19_1.95\u20ac/kg_24_1": 0.0, "20_x_24_1": 0.0, "21_*BANANE_24_1": 0.0, "22_2.02\u20ac_24_1": 0.4, "23_*8XDOS.SENSEO_24_1": 0.38461538461538464, "24_CAPP._24_1": 0.2, "25_2x_24_1": 0.5, "26_2.91_24_1": 0.0, "27_5.82\u20ac_24_1": 0.4, "28_250_24_1": 0.0, "29_GR_24_1": 0.0, "30_BAGUETTE_24_1": 0.0, "31_CRF_24_1": 0.0, "32_1.00\u20ac_24_1": 0.4, "0_0_receipt_00200_1": 1.0, "1_KEMBALI_receipt_00200_1": 0.5714285714285714, "2_54.600_receipt_00200_1": 0.3333333333333333, "3_TUNAI_receipt_00200_1": 0.8, "4_54,600_receipt_00200_1": 0.3333333333333333, "5_TOTAL_receipt_00200_1": 0.0, "6_GRAND_receipt_00200_1": 0.0, "7_4,964_receipt_00200_1": 0.4, "8_10.00_receipt_00200_1": 0.2, "9_%_receipt_00200_1": 1.0, "10_TAX_receipt_00200_1": 0.0, "11_49,636_receipt_00200_1": 0.8333333333333334, "12_TOTAL_receipt_00200_1": 0.0, "13_43,636_receipt_00200_1": 0.16666666666666666, "14_43,636_receipt_00200_1": 0.5, "15_1_receipt_00200_1": 2.0, "16_BASO_receipt_00200_1": 0.25, "17_KUAH_receipt_00200_1": 0.5, "18_6.000_receipt_00200_1": 0.2, "19_6,000_receipt_00200_1": 0.4, "20_1_receipt_00200_1": 2.0, "21_NASI_receipt_00200_1": 0.75, "22_PUTIH_receipt_00200_1": 0.2, "0_DESCRIPTION_118_0": 0.18181818181818182, "1_QTE_118_0": 1.0, "2_MONTANT_118_0": 0.14285714285714285, "3_:_118_0": 1.0, "4_Tel_118_0": 0.0, "5_17000_118_0": 0.0, "6_ROCHELLE_118_0": 0.0, "7_LA_118_0": 0.0, "8_33_118_0": 0.0, "9_RUE_118_0": 0.0, "10_DE_118_0": 0.0, "11_LA_118_0": 0.5, "12_SCIERIE_118_0": 0.0, "13_CRF-CITY_118_0": 0.0, "14_LA_118_0": 0.0, "15_ROCHELLE_118_0": 0.0, "0_1.67\u20ac_223_1": 0.4, "1_TOMATE_223_1": 0.0, "2_BIO_223_1": 0.3333333333333333, "3_SCE_223_1": 0.0, "4_1.28\u20ac_223_1": 0.4, "5_2.23\u20ac_223_1": 0.4, "6_DEJEUNER_223_1": 0.0, "7_PETIT_223_1": 0.0, "8_CHO_223_1": 0.0, "9_1.32\u20ac_223_1": 0.4, "10_FRUIDOR_223_1": 0.0, "11_MARGAR_223_1": 0.16666666666666666, "12_250_223_1": 0.0, "13_2.28\u20ac_223_1": 0.4, "14_12_223_1": 0.0, "15_CREME_223_1": 0.0, "16_KIRI_223_1": 0.25, "17_X_223_1": 0.0, "18_1.71e_223_1": 0.8, "19_PARIS_223_1": 0.0, "20_4TR._223_1": 0.0, "21_JBN_223_1": 0.0, "22_CRF_223_1": 0.3333333333333333, "23_1.50\u20ac_223_1": 0.4, "24_EMMENTAL_223_1": 0.125, "25_RAPE_223_1": 0.0, "26_CRF_223_1": 0.0, "27_1.52\u20ac_223_1": 0.4, "28_DESS.FRUITIER_223_1": 0.0, "29_NAT_223_1": 0.0, "30_0.42\u20ac_223_1": 0.4, "31_200G_223_1": 0.25, "32_BAGUETTE_223_1": 0.0, "33_1.93\u20ac_223_1": 0.4, "34_FERMIERS_223_1": 0.125, "35_OEUFS_223_1": 0.0, "36_1.14\u20ac_223_1": 0.2, "37_PAIN_223_1": 0.0, "38_DE_223_1": 0.0, "39_MIE_223_1": 0.3333333333333333, "40_500G_223_1": 0.5, "41_2.97\u20ac_223_1": 0.4, "42_TORTELL.PESTO_223_1": 0.07692307692307693, "43_250G_223_1": 0.25, "44_2.64e_223_1": 0.6, "45_CROQ'SOJA_223_1": 0.0, "46_200G_223_1": 0.25, "47_0.65\u20ac_223_1": 0.4, "48_ECREME_223_1": 0.16666666666666666, "49_LAIT_223_1": 0.0, "50_1L_223_1": 0.5, "51_1.33\u20ac_223_1": 0.4, "52_CANNELLONI_223_1": 0.0, "53_CRF_223_1": 0.0, "54_1/2_223_1": 0.6666666666666666, "0_A_95_3": 0.0, "1_BIENTOT_95_3": 0.0, "0_repris_486_2": 0.0, "1_Les_486_2": 0.0, "2_sont_486_2": 0.0, "3_ni_486_2": 0.0, "4_A_486_2": 0.0, "5_BIENTOT_486_2": 0.0, "6_Vous_486_2": 0.0, "7_remercie_486_2": 0.0, "8_de_486_2": 0.0, "9_votre_486_2": 0.0, "10_visite_486_2": 0.0, "11_CARREFOUR_486_2": 0.0, "12_MARKET_486_2": 0.0, "13_AYTRE_486_2": 0.0, "14_repris_486_2": 0.0, "15_echange_486_2": 0.0, "16_Solde_486_2": 0.0, "17_ni_486_2": 0.0, "18_ni_486_2": 0.0, "19_0104_486_2": 0.0, "20_006_486_2": 0.0, "21_000259_486_2": 0.0, "22_28/04/2017_486_2": 0.0, "23_18:41:52_486_2": 0.0, "0_DESCRIPTION_409_0": 0.09090909090909091, "1_QTE_409_0": 0.3333333333333333, "2_NONTANT_409_0": 0.2857142857142857, "3_:_409_0": 1.0, "4_Tel_409_0": 0.0, "5_17000_409_0": 0.0, "6_LA_409_0": 0.5, "7_ROCHELLE_409_0": 0.0, "8_33_409_0": 0.0, "9_RUE_409_0": 0.0, "10_DE_409_0": 0.0, "11_SCIERIE_409_0": 0.0, "12_LA_409_0": 0.5, "13_CRF-CITY_409_0": 0.0, "14_LA_409_0": 0.0, "15_ROCHELLE_409_0": 0.0, "0_Tel_312_0": 0.0, "1_ROCHELLE_312_0": 0.0, "2_17000_312_0": 0.0, "3_LA_312_0": 0.0, "4_DE_312_0": 1.0, "5_SCIERIE_312_0": 0.0, "6_LA_312_0": 0.0, "7_33_312_0": 0.0, "8_RUE_312_0": 0.3333333333333333, "9_ROCHELLE_312_0": 0.0, "10_CRF-CITY_312_0": 0.0, "11_LA_312_0": 0.5, "0_1x_receipt_00233_0": 0.5, "1_12.000_receipt_00233_0": 0.0, "2_12.000_receipt_00233_0": 0.0, "3_Arem_receipt_00233_0": 0.25, "4_Arem_receipt_00233_0": 0.25, "5_15.000_receipt_00233_0": 0.0, "6_1x_receipt_00233_0": 1.0, "7_15.000_receipt_00233_0": 0.0, "8_Pepenero_receipt_00233_0": 0.0, "9_Pastel_receipt_00233_0": 0.0, "0_operation_580_4": 0.0, "1_Vignette(s)_580_4": 0.0, "2_par_580_4": 0.0, "3_avez_580_4": 0.0, "4_cumule_580_4": 0.0, "5_2.0_580_4": 0.0, "6_Bravo_580_4": 0.2, "7_vous_580_4": 0.0, "0_DESCRIPTION_82_0": 0.09090909090909091, "1_QTE_82_0": 0.6666666666666666, "2_MONTANT_82_0": 0.2857142857142857, "3_:_82_0": 1.0, "4_Tel_82_0": 0.0, "5_17000_82_0": 0.0, "6_LA_82_0": 0.5, "7_ROCHELLE_82_0": 0.0, "8_33_82_0": 1.0, "9_RUE_82_0": 0.0, "10_DE_82_0": 0.0, "11_LA_82_0": 0.5, "12_SCIERIE_82_0": 0.0, "13_CRF-CITY_82_0": 0.0, "14_LA_82_0": 0.5, "15_ROCHELLE_82_0": 0.0, "0_63,498_receipt_00501_1": 0.5, "1_Grand_receipt_00501_1": 0.2, "2_Total_receipt_00501_1": 0.2, "3_5,772_receipt_00501_1": 1.0, "4_Pajak_receipt_00501_1": 0.8, "5_Resto_receipt_00501_1": 0.2, "6_57,726_receipt_00501_1": 0.6666666666666666, "7_Sub_receipt_00501_1": 0.6666666666666666, "8_Total_receipt_00501_1": 0.2, "9_2_receipt_00501_1": 1.0, "10_Jumlah_receipt_00501_1": 0.6666666666666666, "11_Item_receipt_00501_1": 0.75, "12_11,363_receipt_00501_1": 1.0, "13_11,363_receipt_00501_1": 0.16666666666666666, "14_1_receipt_00501_1": 1.0, "0_Tax)._X51005361883_2": 0.2, "1_(Goods_X51005361883_2": 0.0, "2_Services_X51005361883_2": 0.0, "3_GST_X51005361883_2": 0.0, "4_&_X51005361883_2": 0.0, "5_To_X51005361883_2": 0.5, "6_Related_X51005361883_2": 0.0, "7_(*)_X51005361883_2": 0.6666666666666666, "8_Indicated_X51005361883_2": 0.0, "9_The_X51005361883_2": 0.0, "10_Item_X51005361883_2": 0.0, "11_Sold_X51005361883_2": 0.0, "12_Has_X51005361883_2": 0.0, "13_Been_X51005361883_2": 0.0, "14_Note:_X51005361883_2": 0.0, "15_4.60_X51005361883_2": 0.0, "16_0.28_X51005361883_2": 0.0, "17_TOTAL:_X51005361883_2": 0.0, "18_4.60_X51005361883_2": 0.0, "19_0.28_X51005361883_2": 0.25, "20_6.00_X51005361883_2": 0.0, "21_SR_X51005361883_2": 0.0, "22_(RM)_X51005361883_2": 0.0, "23_(RM)_X51005361883_2": 0.0, "24_TAKh_X51005361883_2": 0.5, "25_SODE_X51005361883_2": 0.25, "26_AMOUNT_X51005361883_2": 0.0, "27_TAKh_X51005361883_2": 0.5, "28_SUMMARY_X51005361883_2": 0.0, "29_GST_X51005361883_2": 0.0, "30_CHANGE_X51005361883_2": 0.0, "31_0.00_X51005361883_2": 0.0, "32_4.90_X51005361883_2": 0.0, "33_CASH_X51005361883_2": 0.0, "0_4.00_654_0": 0.0, "1_FRONT_654_0": 0.0, "2_CROCHET_654_0": 0.0, "3_VE_654_0": 0.0, "4_0040713_654_0": 0.0, "5_4.00_654_0": 0.0, "6_6856722_654_0": 0.0, "7_CROCHET_654_0": 0.0, "8_FRONT_654_0": 0.0, "9_VE_654_0": 0.0, "10_4.00_654_0": 0.0, "11_CROCHET_654_0": 0.0, "12_FRONT_654_0": 0.0, "13_VE_654_0": 0.0, "14_0040740_654_0": 0.0, "15_4.00_654_0": 0.0, "16_6856749_654_0": 0.0, "17_CROCHET_654_0": 0.0, "18_FRONT_654_0": 0.0, "19_VE_654_0": 0.0, "20_2.00_654_0": 0.0, "21_WOODEN_654_0": 0.0, "22_HANGE_654_0": 0.0, "23_6306001_654_0": 0.0, "24_5PK_654_0": 0.0, "25_VENTE_654_0": 0.0, "26_:_654_0": 1.0, "27_Telephone_654_0": 0.0, "28_40864408_654_0": 0.0, "29_01_654_0": 0.0, "30_Cedex_654_0": 0.0, "31_92397_654_0": 0.0, "32_Gallieni_654_0": 0.0, "33_20008_654_0": 0.0, "34_4,_654_0": 0.5, "35_boulevard_654_0": 0.0, "36_Commercial_654_0": 0.0, "37_Qwartz_654_0": 0.16666666666666666, "38_Centre_654_0": 0.0, "39_France_654_0": 0.0, "40_SAS_654_0": 0.0, "41_Primark_654_0": 0.0, "0_40,000_receipt_00097_1": 0.16666666666666666, "1_CASH IDR_receipt_00097_1": 0.25, "2_52,000_receipt_00097_1": 0.3333333333333333, "3_12,000_receipt_00097_1": 0.0, "0_ _receipt_00308_0": 2.0, "0_Vous_469_1": 0.0, "1_remercie_469_1": 0.0, "2_de_469_1": 0.0, "3_votre_469_1": 0.0, "4_visite_469_1": 0.0, "5_MARKET_469_1": 0.0, "6_AYTRE_469_1": 0.0, "7_CARREFOUR_469_1": 0.0, "8_repris_469_1": 0.0, "9_echange_469_1": 0.14285714285714285, "10_ni_469_1": 0.0, "11_Solde_469_1": 0.0, "12_ni_469_1": 0.0, "13_20/05/2017_469_1": 0.0, "14_19:12:47_469_1": 0.125, "15_000484_469_1": 0.0, "16_0116_469_1": 0.0, "17_003_469_1": 0.0, "18_Monnaie_469_1": 0.0, "19_-0.21\u20ac_469_1": 0.3333333333333333, "20_Votre_469_1": 0.0, "21_ESPECES_469_1": 0.0, "22_EUR_469_1": 0.0, "23_5.00\u20ac_469_1": 0.4, "24_1_469_1": 0.0, "25_4.79\u20ac_469_1": 1.0, "26_TOTAL_469_1": 0.0, "27_A_469_1": 0.0, "28_PAYER_469_1": 0.0, "29_ARTICLE_469_1": 0.0, "30_(S)_469_1": 1.0, "31_4.794_469_1": 0.6, "32_ALINENTAIRE_469_1": 0.18181818181818182, "33_TOTAL_469_1": 0.8, "34_4.7_469_1": 1.0, "35_AIL_469_1": 0.0, "36_SUP.CHP_469_1": 0.2857142857142857, "37_*SCSSON_469_1": 0.0, "0_:_99_0": 1.0, "1_Tel_99_0": 0.3333333333333333, "2_17000_99_0": 0.0, "3_ROCHELLE_99_0": 0.0, "4_LA_99_0": 0.0, "5_33_99_0": 0.5, "6_RUE_99_0": 0.0, "7_DE_99_0": 0.0, "8_LA_99_0": 0.0, "9_SCIERIE_99_0": 0.0, "10_CRF-CITY_99_0": 0.0, "11_LA_99_0": 0.0, "12_ROCHELLE_99_0": 0.0, "0_(M)_receipt_00417_0": 0.0, "1_60.000_receipt_00417_0": 0.0, "2_Blend_receipt_00417_0": 0.0, "3_GT_receipt_00417_0": 0.5, "4_1_receipt_00417_0": 0.0, "0_DESCRIPTION_244_0": 0.0, "1_QTE_244_0": 1.0, "2_MONTAN_244_0": 0.3333333333333333, "3_Gargot_244_0": 0.0, "4_Rue_244_0": 0.0, "5_Nicolas_244_0": 0.0, "6_Aytre._244_0": 0.0, "7_17440_244_0": 0.0, "8_Dimanche_244_0": 0.0, "9_9h_244_0": 0.5, "10_a_244_0": 0.0, "11_12h30_244_0": 0.0, "12_Lundi_244_0": 0.2, "13_au_244_0": 0.0, "14_Samedi_244_0": 0.0, "15_a_244_0": 0.0, "16_de_244_0": 0.0, "17_9h_244_0": 0.5, "18_20h00_244_0": 0.0, "19_Tel_244_0": 0.0, "20_0546457320_244_0": 0.0, "21_Carrefour_244_0": 0.0, "22_market_244_0": 0.0, "23_AYTRE_244_0": 0.0, "0_0110_513_2": 0.0, "1_010_513_2": 0.0, "2_25/03/2017_513_2": 0.0, "3_000033_513_2": 0.16666666666666666, "4_17:54:09_513_2": 0.0, "5_BANCAIRE_513_2": 0.0, "6_EMV_513_2": 0.0, "7_EUR_513_2": 0.0, "8_30.68\u20ac_513_2": 0.3333333333333333, "9_CARTE_513_2": 0.0, "10_(S)_513_2": 1.0, "11_TOTAL_513_2": 0.0, "12_PAYER_513_2": 0.0, "13_30.68\u20ac_513_2": 0.3333333333333333, "14_21_513_2": 1.0, "15_ARTICLE_513_2": 0.0, "16_A_513_2": 0.0, "17_/_513_2": 1.0, "18_/_513_2": 1.0, "19_0.70\u20ac_513_2": 0.4, "20_TOTAL_513_2": 0.0, "21_BEAUTE_513_2": 0.0, "22_SANTE_513_2": 0.0, "23_HYGIENE_513_2": 0.2857142857142857, "24_0.70\u20ac_513_2": 0.4, "25_LAVANTE_513_2": 0.0, "26_PECH_513_2": 0.25, "27_CREME_513_2": 0.2, "28_ALINENTAIRE_513_2": 0.2727272727272727, "29_29.98\u20ac_513_2": 0.3333333333333333, "30_TOTAL_513_2": 0.0, "31_*VEL.LEG.SOLEIL_513_2": 0.2, "32_X2_513_2": 1.0, "33_2.50\u20ac_513_2": 0.4, "34_*ST_513_2": 0.0, "35_P.PRIX_513_2": 0.0, "36_0.84_513_2": 0.0, "37_BANANE_513_2": 0.16666666666666666, "38_1.53\u20ac_513_2": 0.4, "39_*PUR_513_2": 0.25, "40_JUS_513_2": 0.6666666666666666, "41_ORANGE_513_2": 0.0, "0_compte_524_1": 0.0, "1_fidelite_524_1": 0.0, "2_Carrefour._524_1": 0.0, "3_votre_524_1": 0.0, "4_auriez_524_1": 0.0, "5_vous_524_1": 0.0, "6_cumule_524_1": 0.0, "7_sur_524_1": 0.0, "8_0.06\u20ac_524_1": 0.0, "9_fidelite,_524_1": 0.0, "10_vous_524_1": 0.0, "11_aviez_524_1": 0.0, "12_la_524_1": 0.5, "13_carte_524_1": 0.0, "14_6.42\u20ac_524_1": 0.4, "15_CB_524_1": 0.0, "16_EMV_524_1": 0.0, "17_SANS_524_1": 0.0, "18_CONTACT_524_1": 0.0, "19_EUR_524_1": 0.0, "20_3_524_1": 0.0, "21_ARTICLE(S)_524_1": 0.0, "22_PAYER_524_1": 0.0, "23_TOTAL_524_1": 0.8, "24_A_524_1": 1.0, "25_6.42\u20ac_524_1": 0.4, "26_*PET_524_1": 0.0, "27_50_524_1": 0.0, "28_CL_524_1": 1.0, "29_COCA_524_1": 1.0, "30_COLA_524_1": 0.5, "31_1.28\u20ac_524_1": 0.4, "32_*300G_524_1": 0.4, "33_COUSCOUS_524_1": 0.0, "34_ORIENT_524_1": 0.16666666666666666, "35_3.93\u20ac_524_1": 0.4, "36_*300G_524_1": 0.2, "37_COLESLAW_524_1": 0.125, "38_CARREF_524_1": 0.0, "39_1.21\u20ac_524_1": 0.4, "40_DESCRIPTION_524_1": 0.0, "41_QTE_524_1": 0.0, "42_NONTANT_524_1": 0.14285714285714285, "0_1_715_2": 2.0, "1_3,95\u20ac_715_2": 0.6, "2_3,95_715_2": 1.0, "3_FRAMBOISE_715_2": 0.0, "4_BANANE_715_2": 0.0, "5_GOURDE_715_2": 0.0, "6_POMME_715_2": 0.0, "7_4,20_715_2": 0.0, "8_4,20\u20ac_715_2": 0.4, "9_1_715_2": 0.0, "10_X_715_2": 0.0, "11_GOURDE_715_2": 0.0, "12_YAOURT_715_2": 0.0, "13_4,20_715_2": 0.0, "14_4,20\u20ac_715_2": 0.4, "15_1_715_2": 0.0, "16_GOURDE_715_2": 0.0, "17_YAOURT_715_2": 0.16666666666666666, "18_1,10\u20ac_715_2": 0.4, "19_1,10_715_2": 0.25, "20_X_715_2": 0.0, "21_1_715_2": 0.0, "22_DESSERT_715_2": 0.0, "23_BREBIS_715_2": 0.0, "24_VANILLE_715_2": 0.0, "25_BERGERIE_715_2": 0.125, "26_DE_715_2": 0.0, "27_LOZER_715_2": 0.0, "28_1_715_2": 2.0, "29_1,10\u20ac_715_2": 0.4, "30_1,10_715_2": 0.25, "31_DESSERT_715_2": 0.0, "32_BREBIS_715_2": 0.0, "33_VANILLE_715_2": 0.0, "34_BERGERIE_715_2": 0.125, "35_DE_715_2": 0.0, "36_LOZER_715_2": 0.4, "37_2,25\u20ac/kg_715_2": 0.25, "38_0,970kg_715_2": 0.14285714285714285, "39_2,18_715_2": 0.0, "40_X_715_2": 0.0, "41_BANANE_715_2": 0.0, "42_0,420kg_715_2": 0.0, "43_3,40\u20ac/kg_715_2": 0.25, "44_1,43_715_2": 0.0, "45_X_715_2": 0.0, "46_BROCOLI_715_2": 0.0, "47_1,25\u20ac_715_2": 0.4, "48_1,25_715_2": 1.0, "49_1_715_2": 0.0, "50_X_715_2": 0.0, "0_:_369_0": 2.0, "1_Tel_369_0": 0.0, "2_17000_369_0": 0.0, "3_LA_369_0": 0.5, "4_ROCHELLE_369_0": 0.0, "5_33_369_0": 1.0, "6_RUE_369_0": 0.0, "7_DE_369_0": 0.0, "8_LA_369_0": 0.0, "9_SCIERIE_369_0": 0.14285714285714285, "10_CRF-CITY_369_0": 0.125, "11_ROCHELLE_369_0": 0.0, "12_LA_369_0": 0.5, "0_11_73_1": 1.0, "1_ARTICLE(S)_73_1": 0.1, "2_TOTAL_73_1": 0.2, "3_PAYER_73_1": 0.0, "4_A_73_1": 0.0, "5_16.01\u20ac_73_1": 0.3333333333333333, "6_SAC_73_1": 0.3333333333333333, "7_PUCKET_73_1": 0.0, "8_CARREFO_73_1": 0.14285714285714285, "9_1.00\u20ac_73_1": 0.4, "10_PIZZA_73_1": 0.8, "11_TONNO_73_1": 0.2, "12_2.52\u20ac_73_1": 0.4, "13_PET_73_1": 0.0, "14_1.5L_73_1": 0.0, "15_EAU_73_1": 0.3333333333333333, "16_MIN._73_1": 0.5, "17_0.58\u20ac_73_1": 0.4, "18_EMMENT_73_1": 0.5, "19_AL_73_1": 0.0, "20_RAPE_73_1": 0.0, "21_CRF_73_1": 0.0, "22_1.57\u20ac_73_1": 0.6, "23_0.5900kg_73_1": 0.125, "24_x_73_1": 0.0, "25_2.30\u20ac/kg_73_1": 0.125, "26_CLEMENTINE_73_1": 0.1, "27_1.36\u20ac_73_1": 0.4, "28_BROCOLI_73_1": 0.14285714285714285, "29_FILME_73_1": 0.2, "30_0.99\u20ac_73_1": 0.4, "31_BEIGNETS_73_1": 0.125, "32_CALAMARS_73_1": 0.0, "33_2.34\u20ac_73_1": 0.6, "34_4206_73_1": 0.0, "35_SAUCE_73_1": 0.0, "36_NAPOLIT_73_1": 0.2857142857142857, "37_1.13\u20ac_73_1": 0.4, "38_200G_73_1": 0.5, "39_CHOCOLAT_73_1": 0.0, "40_LAIT_73_1": 0.0, "41_1.98\u20ac_73_1": 0.4, "42_PS_73_1": 1.0, "43_1L_73_1": 1.0, "44_VELOUTE_73_1": 0.14285714285714285, "45_LEG_73_1": 0.0, "46_1.88\u20ac_73_1": 0.4, "47_1506_73_1": 0.25, "48_CHIPS_73_1": 0.2, "49_GOURMAN_73_1": 0.2857142857142857, "50_0.66\u20ac_73_1": 0.4, "0_-5.78\u20ac_486_1": 0.3333333333333333, "1_Votre_486_1": 0.0, "2_Monnaie_486_1": 0.0, "3_30.00\u20ac_486_1": 0.3333333333333333, "4_ESPECES_486_1": 0.0, "5_EUR_486_1": 0.0, "6_(S)_486_1": 0.6666666666666666, "7_24.22\u20ac_486_1": 0.3333333333333333, "8_ARTICLE_486_1": 0.0, "9_TOTAL_486_1": 0.0, "10_A_486_1": 0.0, "11_PAYER_486_1": 0.0, "12_TOTAL_486_1": 0.0, "13_ALINENTAIRE_486_1": 0.09090909090909091, "14_24.22\u20ac_486_1": 0.3333333333333333, "15_ROUELLE_486_1": 0.0, "16_A/OS_486_1": 0.5, "17_4.21\u20ac_486_1": 0.4, "18_PC_486_1": 0.0, "19_2.90\u20ac_486_1": 0.4, "20_NESCAFE_486_1": 0.0, "21_SPEC.FILTR_486_1": 0.0, "22_5.75\u20ac_486_1": 0.4, "23_HANCHONS_486_1": 0.0, "24_CANARD_486_1": 0.0, "25_X5_486_1": 0.5, "26_2.45\u20ac_486_1": 0.4, "27_DOS_486_1": 0.3333333333333333, "28_CORSE_486_1": 0.0, "29_SENSEO_486_1": 0.16666666666666666, "30_5.99\u20ac_486_1": 0.4, "31_*BAGUETTE_486_1": 0.1111111111111111, "32_0.42\u20ac_486_1": 0.4, "0_Vignette(s)_244_2": 0.0, "1_par_244_2": 0.0, "2_operation_244_2": 0.0, "3_Bravo_244_2": 0.2, "4_vous_244_2": 0.0, "5_avez_244_2": 0.0, "6_cumule_244_2": 0.0, "7_1.0_244_2": 0.0, "8_BIENTOT_244_2": 0.0, "9_Vous_244_2": 0.0, "10_remercie_244_2": 0.0, "11_de_244_2": 0.0, "12_votre_244_2": 0.0, "13_visite_244_2": 0.0, "14_CARREFOUR_244_2": 0.0, "15_MARKET_244_2": 0.0, "16_AYTRE_244_2": 0.0, "0_Vignette(s)_207_4": 0.09090909090909091, "1_par_207_4": 0.0, "2_operation_207_4": 0.0, "3_7.0_207_4": 0.0, "4_Bravo_207_4": 0.0, "5_vous_207_4": 0.0, "6_avez_207_4": 0.0, "7_cumule_207_4": 0.16666666666666666, "8_Carte_207_4": 0.2, "9_CARREFOUR_207_4": 0.0, "10_142,11_207_4": 0.16666666666666666, "11_Cartes_207_4": 0.16666666666666666, "12_Bancaires_207_4": 0.1111111111111111, "13_142,11_207_4": 0.16666666666666666, "14_38_207_4": 0.0, "15_ARTICLES_207_4": 0.0, "16_TOTAL_207_4": 0.0, "17_A_207_4": 0.0, "18_PAVER_207_4": 0.0, "19_TOTAL_207_4": 0.0, "20_4,38-_207_4": 0.4, "21_DES_207_4": 0.0, "22_AVANTAGES_207_4": 0.1111111111111111, "23_JOUR_207_4": 0.75, "24_DU_207_4": 1.0, "25_4,38-_207_4": 0.4, "26_TOTAL_207_4": 0.0, "27_REMISE_207_4": 0.0, "28_IMMEDIATE_207_4": 0.0, "0_1_receipt_00404_0": 1.0, "1_0_receipt_00404_0": 1.0, "2_0_receipt_00404_0": 1.0, "3_1_receipt_00404_0": 2.0, "4_20,000_receipt_00404_0": 0.3333333333333333, "5_20,000_receipt_00404_0": 0.16666666666666666, "0_traiteur,_638_1": 0.0, "1_Du_638_1": 0.0, "2_de_638_1": 0.0, "3_resto_638_1": 0.0, "4_Service_638_1": 0.0, "5_MARIE_638_1": 0.2, "6_MARIE_638_1": 0.2, "7_Especes_638_1": 0.0, "8_7.00_638_1": 0.0, "9_H.T._638_1": 0.75, "10_7.00_638_1": 0.0, "11_x_638_1": 0.0, "12_TVA_638_1": 0.3333333333333333, "13_a_638_1": 0.0, "14_TVA_638_1": 0.0, "15_0%_638_1": 0.0, "16_0.00_638_1": 0.0, "17_=_638_1": 0.0, "18_7.00_638_1": 0.0, "19_TRAITEUR_638_1": 0.125, "20_7.00_638_1": 0.0, "21_Qte_638_1": 0.3333333333333333, "22_Designation_638_1": 0.0, "23_Unit_638_1": 0.0, "24_Total_638_1": 0.0, "25_Px_638_1": 0.0, "0_BIENTOT_54_3": 0.0, "1_MERCI_54_3": 0.0, "2_DE_54_3": 0.0, "3_VOTRE_54_3": 0.0, "4_VISITE_54_3": 0.0, "5_0012_54_3": 0.0, "6_004_54_3": 0.0, "7_000520_54_3": 0.0, "8_01/02/2017_54_3": 0.0, "9_18:50:42_54_3": 0.0, "10_produits_54_3": 0.0, "11_5%_54_3": 0.0, "12_Carrefou_54_3": 0.0, "13_0.12\u20ac_54_3": 0.4, "14_produits_54_3": 0.0, "15_Remise_54_3": 0.0, "16_fide_54_3": 0.0, "17_0.35\u20ac_54_3": 0.4, "0_A_468_2": 0.0, "1_BIENTOT_468_2": 0.0, "2_de_468_2": 0.0, "3_votre_468_2": 0.0, "4_visite_468_2": 0.0, "5_Vous_468_2": 0.0, "6_remercie_468_2": 0.0, "0_MERCI_452_1": 0.0, "1_DE_452_1": 0.0, "2_VOTRE_452_1": 0.0, "3_VISITE_452_1": 0.0, "4_0001_452_1": 0.0, "5_000504_452_1": 0.0, "6_004_452_1": 0.3333333333333333, "7_08/03/2017_452_1": 0.0, "8_17:18:14_452_1": 0.0, "9_CARTE_452_1": 0.0, "10_BANCAIRE_452_1": 0.0, "11_EMV_452_1": 0.0, "12_4.95\u20ac_452_1": 0.4, "13_USD_452_1": 1.0, "14_(S)_452_1": 1.0, "15_ARTICLE_452_1": 0.0, "16_TOTAL_452_1": 0.8, "17_A_452_1": 1.0, "18_PAYER_452_1": 0.0, "19_7.93\u20ac_452_1": 0.4, "20_*SCE_452_1": 0.25, "21_PESTO_452_1": 0.0, "22_CRF_452_1": 0.0, "23_CDM_452_1": 0.6666666666666666, "24_6.19\u20ac_452_1": 0.2, "25_CREME_452_1": 0.0, "26_*KIRI_452_1": 0.4, "27_X_452_1": 1.0, "28_8_452_1": 0.0, "29_3.50\u20ac_452_1": 0.4, "30_*BAGUETTE_452_1": 0.1111111111111111, "31_250G_452_1": 0.25, "32_0.84\u20ac_452_1": 0.4, "33_3.25\u20ac_452_1": 0.0, "34_*200GR_452_1": 0.0, "35_BISC_452_1": 0.25, "36_NAPPE_452_1": 0.0, "37_CHO_452_1": 0.3333333333333333, "0_ _receipt_00534_0": 3.0, "0_1.41_466_1": 0.5, "1_2.82\u20ac_466_1": 0.4, "2_2x_466_1": 0.5, "3_*EMMENTAL_466_1": 0.2222222222222222, "4_RAPE_466_1": 0.0, "5_CRF_466_1": 0.3333333333333333, "6_1.98\u20ac_466_1": 0.4, "7_*CONCOMBRE_466_1": 0.1, "8_2kh_466_1": 0.6666666666666666, "9_0.99_466_1": 0.25, "10_PIECE_466_1": 0.0, "11_2.40\u20ac_466_1": 0.4, "12_CIDRE_466_1": 0.0, "13_BOUCHE_466_1": 0.0, "14_BRUT_466_1": 0.0, "15_2.30\u20ac_466_1": 0.4, "16_*BONDUELLE_466_1": 0.0, "17_CHAMP._466_1": 0.0, "18_2.39\u20ac_466_1": 0.4, "19_PARIS_466_1": 0.0, "20_X4TR_466_1": 0.0, "21_*BON_466_1": 0.25, "22_2.79\u20ac_466_1": 0.4, "23_LEFFE_466_1": 0.0, "24_RUBY_466_1": 0.0, "25_ABBAYE_466_1": 0.3333333333333333, "26_1.75\u20ac_466_1": 0.4, "27_*8X125G_466_1": 0.2857142857142857, "28_VELOUTE_466_1": 0.0, "29_NAT_466_1": 0.3333333333333333, "30_1.90\u20ac_466_1": 0.4, "31_BIO_466_1": 0.0, "32_CAL.MOY_466_1": 0.14285714285714285, "33_OEUF_466_1": 0.0, "34_KENYA_466_1": 0.0, "35_4.90\u20ac_466_1": 0.4, "36_SENSEO_466_1": 0.16666666666666666, "37_32D_466_1": 0.6666666666666666, "38_1.43\u20ac_466_1": 0.4, "39_BISCOTTE_466_1": 0.0, "40_COMP_466_1": 0.75, "41_300G_466_1": 0.25, "42_SENSE_466_1": 0.0, "43_3.99\u20ac_466_1": 0.4, "44_250G_466_1": 0.25, "45_X36_466_1": 0.0, "46_DOS_466_1": 1.0, "47_0.65\u20ac_466_1": 0.4, "48_200G_466_1": 0.25, "49_SCE_466_1": 0.0, "50_PROVENCAL_466_1": 0.0, "51_0.75\u20ac_466_1": 0.4, "52_NAPOLIT_466_1": 0.14285714285714285, "53_21KG_466_1": 0.25, "54_SAUCE_466_1": 0.0, "55_1KG_466_1": 0.6666666666666666, "56_COQUILLETTE_466_1": 0.0, "57_0.87\u20ac_466_1": 0.4, "58_P._466_1": 0.5, "59_1.75\u20ac_466_1": 0.4, "60_*1/2_466_1": 0.25, "61_QUENEL.VOLAIL._466_1": 0.2857142857142857, "62_2.31\u20ac_466_1": 0.4, "63_*1/2_466_1": 0.5, "64_CONFIT_466_1": 0.0, "65_AUBERGI_466_1": 0.2857142857142857, "0_ _receipt_00405_0": 3.0, "0_MERCI_131_2": 0.0, "1_DE_131_2": 0.0, "2_VOTRE_131_2": 0.0, "3_VISITE_131_2": 0.0, "4_11/04/2016_131_2": 0.1, "5_17:12:45_131_2": 0.0, "6_000354_131_2": 0.0, "7_0008_131_2": 0.0, "8_004_131_2": 1.0, "0_JAVA_receipt_00501_0": 1.0, "1_TEA_receipt_00501_0": 0.0, "2_46,363_receipt_00501_0": 0.5, "3_46,363_receipt_00501_0": 1.0, "4_1_receipt_00501_0": 1.0, "5_PICATTA_receipt_00501_0": 0.5714285714285714, "6_CHICKEN_receipt_00501_0": 0.5714285714285714, "0_CHANGED_receipt_00561_1": 0.14285714285714285, "1_0_receipt_00561_1": 1.0, "2_CASH_receipt_00561_1": 1.0, "3_60.000_receipt_00561_1": 0.5, "4_TOTAL_receipt_00561_1": 0.0, "5_60.000_receipt_00561_1": 0.0, "6_60,000_receipt_00561_1": 0.16666666666666666, "7_Combo_receipt_00561_1": 0.0, "8_2_receipt_00561_1": 0.0, "9_1._receipt_00561_1": 1.0, "0_12H45_762_5": 0.0, "1_9H15_762_5": 0.25, "2_DE_762_5": 0.0, "3_A_762_5": 0.0, "4_DIMANCHE_762_5": 0.0, "5_TOUS_762_5": 0.75, "6_LES_762_5": 0.0, "7_INTERMARCHE_762_5": 0.0, "8_OUVERTURE_762_5": 0.0, "9_DE_762_5": 0.0, "10_VOTRE_762_5": 0.0, "0_ _receipt_00484_0": 4.0, "0_TVA_650_0": 0.0, "1_PRIX/U_650_0": 0.0, "2_S S_650_0": 0.6666666666666666, "3_P_650_0": 1.0, "4_UN_650_0": 0.0, "5_TOTAL_650_0": 0.0, "6_C_650_0": 1.0, "7_3064_650_0": 0.0, "8_387848_650_0": 0.0, "9_02_650_0": 0.0, "10_Trans:_650_0": 0.16666666666666666, "11_330883_650_0": 0.0, "12_07/06/2017_650_0": 0.0, "13_16:57_650_0": 0.0, "14_86497_650_0": 0.0, "15_Telephone_650_0": 0.0, "16_BIS,_650_0": 0.25, "17_140_650_0": 0.0, "18_rue_650_0": 0.0, "19_Rennes_650_0": 0.0, "20_de_650_0": 0.0, "21_ZARA_650_0": 0.0, "22_RCS_650_0": 0.0, "23_Paris_650_0": 0.0, "24_348_650_0": 0.0, "25_991_650_0": 0.0, "26_555_650_0": 0.3333333333333333, "27_ZARA_650_0": 0.0, "28_France_650_0": 0.0, "29_Sarl_650_0": 0.0, "0_BIENTOT_60_3": 0.0, "1_VOTRE_60_3": 0.0, "2_VISITE_60_3": 0.0, "3_MERCI_60_3": 0.0, "4_DE_60_3": 0.0, "0_23.500,00_receipt_00481_0": 0.3333333333333333, "1_23.500,00_receipt_00481_0": 0.3333333333333333, "2_x1_receipt_00481_0": 1.0, "3_1517-ROTI_receipt_00481_0": 0.5555555555555556, "4_KENTANG_receipt_00481_0": 0.2857142857142857, "5_KEJU_receipt_00481_0": 0.75, "6_MANIS_receipt_00481_0": 0.6, "0_1_receipt_00528_0": 0.0, "1_WHOLE_receipt_00528_0": 0.2, "2_WHEAT_receipt_00528_0": 0.0, "3_PAN_receipt_00528_0": 0.0, "4_BREAD_receipt_00528_0": 0.0, "5_20,000_receipt_00528_0": 0.16666666666666666, "6_1_receipt_00528_0": 0.0, "7_DOUBLE_receipt_00528_0": 0.3333333333333333, "8_CHEESE_receipt_00528_0": 0.0, "9_PAN_receipt_00528_0": 1.0, "10_BREAD(L_receipt_00528_0": 1.0, "11_37,000_receipt_00528_0": 0.5, "12_1_receipt_00528_0": 0.0, "13_CHOCOLATE_receipt_00528_0": 0.1111111111111111, "14_ECLAIR_receipt_00528_0": 0.0, "15_13,000_receipt_00528_0": 0.16666666666666666, "0_25,000_receipt_00059_1": 0.16666666666666666, "1_~ CASH_receipt_00059_1": 0.16666666666666666, "2_[25,000]_receipt_00059_1": 0.0, "3_GRAND_receipt_00059_1": 0.2, "4_TOTAL_receipt_00059_1": 0.0, "5_TAX_receipt_00059_1": 0.0, "6_2,273_receipt_00059_1": 0.2, "7_SUB._receipt_00059_1": 0.75, "8_22,727_receipt_00059_1": 0.16666666666666666, "9_TOTAL_receipt_00059_1": 0.0, "10_TORI_receipt_00059_1": 0.25, "11_NASU_receipt_00059_1": 0.0, "12_HASAMI_receipt_00059_1": 0.16666666666666666, "13_AGE_receipt_00059_1": 0.0, "14_10,000_receipt_00059_1": 0.16666666666666666, "15_1_receipt_00059_1": 1.0, "16_CHICKEN_receipt_00059_1": 0.0, "17_KATSU_receipt_00059_1": 0.0, "18_12,727_receipt_00059_1": 0.3333333333333333, "19_1_receipt_00059_1": 1.0, "0_A_41_1": 0.0, "1_BIENTOT_41_1": 0.0, "2_MERCI_41_1": 0.0, "3_VOTRE_41_1": 0.0, "4_VISITE_41_1": 0.0, "5_DE_41_1": 0.0, "6_0006_41_1": 0.0, "7_27/02/2017_41_1": 0.1, "8_004_41_1": 0.3333333333333333, "9_000123_41_1": 0.0, "10_12:25:06_41_1": 0.125, "11_CB_41_1": 0.5, "12_EMV_41_1": 0.3333333333333333, "13_SANS_41_1": 0.0, "14_CONTACT_41_1": 0.0, "15_EUR_41_1": 0.0, "16_3.48\u20ac_41_1": 0.4, "17_2_41_1": 0.0, "18_ARTICLE_41_1": 0.0, "19_(S)_41_1": 0.6666666666666666, "20_TOTAL_41_1": 0.0, "21_A_41_1": 0.0, "22_PAYER_41_1": 0.0, "23_3.48\u20ac_41_1": 0.4, "24_*COCA_41_1": 0.4, "25_COLA_41_1": 1.0, "26_50CL_41_1": 0.0, "27_1.30\u20ac_41_1": 0.4, "28_*220G_41_1": 0.2, "29_SDW_41_1": 0.6666666666666666, "30_VIEN.THON_41_1": 0.3333333333333333, "31_2.18\u20ac_41_1": 0.4, "0_Vous_224_1": 0.0, "1_remercie_224_1": 0.0, "2_de_224_1": 0.0, "3_votre_224_1": 0.0, "4_visite_224_1": 0.0, "5_CARREFOUR_224_1": 0.0, "6_MARKET_224_1": 0.0, "7_AYTRE_224_1": 0.0, "8_0101_224_1": 0.0, "9_002_224_1": 0.0, "10_000028_224_1": 0.0, "11_30/12/2016_224_1": 0.0, "12_09:39:02_224_1": 0.0, "13_CHEQUE_224_1": 0.0, "14_11.73\u20ac_224_1": 0.3333333333333333, "15_EUR_224_1": 0.0, "16_ARTICLE_224_1": 0.0, "17_(S)_224_1": 0.3333333333333333, "18_2_224_1": 0.0, "19_PAYER_224_1": 0.0, "20_11.73\u20ac_224_1": 0.3333333333333333, "21_TOTAL_224_1": 0.0, "22_A_224_1": 0.0, "23_ALINENTAIRE_224_1": 0.09090909090909091, "24_TOTAL_224_1": 0.0, "25_11.73\u20ac_224_1": 0.3333333333333333, "26_GUIGNETTE_224_1": 0.0, "27_RINCE_224_1": 0.0, "28_8.20\u20ac_224_1": 0.4, "29_GO_224_1": 1.0, "30_3.53\u20ac_224_1": 0.4, "31_GATEAU_224_1": 0.16666666666666666, "32_CHARENTAIS_224_1": 0.0, "0_0_receipt_00539_1": 0.0, "1_CHANGED_receipt_00539_1": 0.2857142857142857, "2_146.625_receipt_00539_1": 0.14285714285714285, "3_VISA_receipt_00539_1": 0.75, "4_146.625_receipt_00539_1": 0.2857142857142857, "5_TOTAL_receipt_00539_1": 0.0, "6_13.330_receipt_00539_1": 0.0, "7_Tax_receipt_00539_1": 0.3333333333333333, "8_Gov._receipt_00539_1": 0.25, "9_6.347_receipt_00539_1": 0.2, "10_Charge_receipt_00539_1": 0.3333333333333333, "11_Service_receipt_00539_1": 0.0, "12_126.948_receipt_00539_1": 0.0, "13_SUB-TOTAL_receipt_00539_1": 0.1111111111111111, "14_30.000_receipt_00539_1": 0.0, "15_Equil_receipt_00539_1": 0.2, "16_Natural_receipt_00539_1": 0.0, "17_1_receipt_00539_1": 1.0, "18_45.000_receipt_00539_1": 0.0, "19_Crispy_receipt_00539_1": 0.16666666666666666, "20_Mushroom_receipt_00539_1": 0.5, "21_1_receipt_00539_1": 1.0, "22_51.948_receipt_00539_1": 0.0, "23_4_receipt_00539_1": 1.0, "24_1_receipt_00539_1": 1.0, "25_Combo_receipt_00539_1": 0.6, "0_31,500_receipt_00633_1": 0.5, "1_CHANGE_receipt_00633_1": 0.0, "2_100,000_receipt_00633_1": 0.5714285714285714, "3_CASH_receipt_00633_1": 0.0, "4_68.500_receipt_00633_1": 0.6666666666666666, "5_DUE_receipt_00633_1": 0.0, "6_20,000_receipt_00633_1": 0.16666666666666666, "7_Beverage_receipt_00633_1": 0.375, "8_50%_receipt_00633_1": 0.6666666666666666, "9_88.500_receipt_00633_1": 0.6666666666666666, "10_SUBTOTAL_receipt_00633_1": 0.0, "11_20,000_receipt_00633_1": 0.5, "12_Cappuccino_receipt_00633_1": 1.0, "13_Ice_receipt_00633_1": 0.6666666666666666, "14_1_receipt_00633_1": 1.0, "15_20,000_receipt_00633_1": 0.16666666666666666, "16_Cappuccino_receipt_00633_1": 0.2, "17_Hot_receipt_00633_1": 0.6666666666666666, "18_1_receipt_00633_1": 1.0, "19_10,000_receipt_00633_1": 0.8333333333333334, "20_Mgc_receipt_00633_1": 1.3333333333333333, "21_Chees_receipt_00633_1": 0.4, "22_Wd_receipt_00633_1": 1.0, "23_1_receipt_00633_1": 1.0, "24_10,500_receipt_00633_1": 0.0, "25_Choco_receipt_00633_1": 0.4, "26_Bun_receipt_00633_1": 1.0, "27_1_receipt_00633_1": 2.0, "28_Triangle_receipt_00633_1": 0.125, "29_12,000_receipt_00633_1": 0.16666666666666666, "30_1_receipt_00633_1": 1.0, "31_Lov_receipt_00633_1": 1.0, "32_16,000_receipt_00633_1": 0.5, "33_1_receipt_00633_1": 1.0, "34_Pavarotti_receipt_00633_1": 0.4444444444444444, "0_ _receipt_00537_0": 6.0, "0_44.500_receipt_00700_1": 0.0, "1_CHANGE_receipt_00700_1": 0.16666666666666666, "2_CASH_receipt_00700_1": 0.25, "3_100.000_receipt_00700_1": 0.14285714285714285, "4_55.500_receipt_00700_1": 0.5, "5_TOTAL_receipt_00700_1": 0.4, "6_ITEMS_receipt_00700_1": 0.4, "7_11Q_receipt_00700_1": 0.6666666666666666, "8_SUBTOTAL_receipt_00700_1": 0.0, "9_55.500_receipt_00700_1": 0.0, "10_ROTI_receipt_00700_1": 0.75, "11_12.000_receipt_00700_1": 0.16666666666666666, "12_6.000_receipt_00700_1": 0.0, "13_2_receipt_00700_1": 0.0, "14_ROTI_receipt_00700_1": 0.5, "15_13.500_receipt_00700_1": 0.0, "16_3_receipt_00700_1": 1.0, "17_4.500_receipt_00700_1": 0.2, "18_ROTI_receipt_00700_1": 0.0, "19_30.000_receipt_00700_1": 0.16666666666666666, "20_6_receipt_00700_1": 2.0, "21_5.000_receipt_00700_1": 0.0, "0_QTE_469_0": 1.0, "1_DESCRIPTION_469_0": 0.0, "2_Aytre._469_0": 0.3333333333333333, "3_Gargot_469_0": 0.0, "4_17440_469_0": 0.0, "5_Nicolas_469_0": 0.0, "6_Rue_469_0": 0.0, "7_Dimanche_469_0": 0.0, "8_12h30_469_0": 0.0, "9_9h_469_0": 0.5, "10_a_469_0": 1.0, "11_20h00_469_0": 0.0, "12_a_469_0": 1.0, "13_Samedi_469_0": 0.0, "14_de_469_0": 0.0, "15_9h_469_0": 0.5, "16_Lundi_469_0": 0.0, "17_au_469_0": 0.0, "18_:_469_0": 1.0, "19_0546457320_469_0": 0.0, "20_Tel_469_0": 0.0, "21_Carrefour_469_0": 0.0, "22_market_469_0": 0.0, "23_AYTRE_469_0": 0.2, "0_MERCI_55_1": 0.0, "1_DE_55_1": 0.0, "2_VOTRE_55_1": 0.0, "3_VISITE_55_1": 0.0, "4_08/09/2016_55_1": 0.1, "5_15:14:34_55_1": 0.0, "6_004_55_1": 0.0, "7_000293_55_1": 0.0, "8_0004_55_1": 0.0, "9_5.30\u20ac_55_1": 0.4, "10_CONTACT_55_1": 0.0, "11_EUR_55_1": 0.0, "12_SANS_55_1": 0.0, "13_CB_55_1": 0.0, "14_LV_55_1": 1.0, "15_5.30\u20ac_55_1": 0.4, "16_CLE(S)_55_1": 0.0, "17_A_55_1": 0.0, "18_PAYER_55_1": 0.0, "19_2_55_1": 0.0, "20_TOTAL_55_1": 0.0, "21_AR_55_1": 1.0, "22_4.87\u20ac_55_1": 0.4, "23_SCHOKOBONS_55_1": 0.0, "24_KINDER_55_1": 0.0, "25_0.43\u20ac_55_1": 0.4, "26_SNACK_55_1": 0.2, "27_CURL_55_1": 0.0, "28_CA_55_1": 1.0, "29_1256_55_1": 0.25, "30_QTE_55_1": 0.3333333333333333, "31_MONTANT_55_1": 0.0, "32_DESCRIPTION_55_1": 0.0, "0_Details:_317_1": 0.0, "1_compte_317_1": 0.0, "2_Carrefour._317_1": 0.0, "3_fidelite_317_1": 0.0, "4_votre_317_1": 0.0, "5_0.33\u20ac_317_1": 0.4, "6_sur_317_1": 0.0, "7_auriez_317_1": 0.0, "8_cumule_317_1": 0.0, "9_fidelite,_317_1": 0.0, "10_carte_317_1": 0.0, "11_aviez_317_1": 0.0, "12_5.99\u20ac_317_1": 0.4, "13_EUR_317_1": 0.0, "14_SANS_317_1": 0.0, "15_CONTACT_317_1": 0.0, "16_CB_317_1": 0.5, "17_EMV_317_1": 0.3333333333333333, "18_ARTICLE_317_1": 0.0, "19_5.99\u20ac_317_1": 0.6, "20_(S)_317_1": 0.3333333333333333, "21_TOTAL_317_1": 0.0, "22_A_317_1": 1.0, "23_PAYER_317_1": 0.0, "24_3_317_1": 0.0, "25_3.30\u20ac_317_1": 0.4, "26_FUME_317_1": 0.25, "27_*SALADE_317_1": 0.0, "28_SAUMON_317_1": 0.16666666666666666, "29_1.68\u20ac_317_1": 0.4, "30_POM/PEC/_317_1": 0.0, "31_*DESS.FRTS_317_1": 0.0, "32_1.01\u20ac_317_1": 0.4, "33_DISC_317_1": 0.0, "34_*1L_317_1": 0.3333333333333333, "35_ORANGE_317_1": 0.0, "36_CRF_317_1": 0.3333333333333333, "0_ _receipt_00648_0": 1.0, "0_1x_651_0": 0.5, "1_PARISIENNE_651_0": 0.0, "2_\u20ac9.00_651_0": 0.2, "3_SALADE_651_0": 0.0, "4_9.00_651_0": 0.0, "5_*NOTE*_651_0": 0.16666666666666666, "6_TABLE:4_651_0": 0.0, "7_DIRECTION_651_0": 0.0, "8_No_651_0": 0.5, "9_0001_651_0": 0.0, "10_19/06/2017_651_0": 0.0, "11_FACTURE:9584_651_0": 0.16666666666666666, "12_#2561_651_0": 0.0, "13_N_651_0": 1.0, "14_12:40_651_0": 0.0, "15_ROCHELLE_651_0": 0.0, "16_17000_651_0": 0.0, "17_LA_651_0": 0.0, "18_25BIS_651_0": 0.6, "19_AVENUE_651_0": 0.0, "20_DES_651_0": 0.0, "21_MINIMES_651_0": 0.0, "22_TY_651_0": 0.5, "23_BREIZ_651_0": 0.0, "0_jeton(s)_492_3": 0.0, "1_offert(s)._492_3": 0.0, "2_GRAND_492_3": 0.0, "3_JEU_492_3": 0.0, "4_ANNIVERSAIRE_492_3": 0.0, "5_1.0_492_3": 0.0, "0_ _receipt_00607_0": 2.0, "0_ _receipt_00458_0": 2.0, "0_TICKET_616_3": 0.0, "1_A_616_3": 1.0, "2_CONSERVER_616_3": 0.0, "3_BIENTOT_616_3": 0.0, "4_MERCI_616_3": 0.2, "5_VISITE_616_3": 0.0, "6_DE_616_3": 0.0, "7_VOTRE_616_3": 0.0, "8_23/03/17_616_3": 0.0, "9_183_616_3": 0.3333333333333333, "10_PA_616_3": 0.5, "11_928770_616_3": 0.16666666666666666, "12_12:23_616_3": 0.2, "13_Operateur_616_3": 0.0, "14_Date_616_3": 0.0, "15_TPV_616_3": 0.6666666666666666, "16_Heure_616_3": 0.0, "17_Ticket_616_3": 0.0, "18_(Voir_616_3": 0.0, "19_conditions_616_3": 0.0, "20_a_616_3": 1.0, "21_l'accueil_616_3": 0.2222222222222222, "22_du_616_3": 1.0, "23_magasin)_616_3": 0.25, "24_ET_616_3": 0.5, "25_MAGASINS-U.COM_616_3": 0.21428571428571427, "26_SUR_616_3": 0.0, "27_RENDEZ-VOUS_616_3": 0.09090909090909091, "28_MAGASIN_616_3": 0.14285714285714285, "29_EN_616_3": 0.0, "30_LES_616_3": 0.0, "31_PETITS_616_3": 0.0, "32_NOUVEAUX_616_3": 0.125, "33_DES_616_3": 0.0, "34_PRODUITS_616_3": 0.0, "35_U_616_3": 1.0, "36_SPECIAL_616_3": 0.0, "37_MAT_616_3": 0.3333333333333333, "38_ET_616_3": 0.5, "39_LOU_616_3": 0.6666666666666666, "40_VOS_616_3": 1.0, "41_EXCLUSIVITES_616_3": 0.0, "42_PRODUITS_616_3": 0.0, "43_U_616_3": 1.0, "44_DES_616_3": 0.0, "45_EUROS_616_3": 0.2, "46_GAGNEZ_616_3": 0.3333333333333333, "47_CARTE_616_3": 0.0, "48_GRACE_616_3": 0.0, "49_U_616_3": 1.0, "50_A_616_3": 1.0, "51_TICKET_616_3": 0.0, "52_CONSERVER_616_3": 0.0, "53_A_616_3": 0.0, "54_Voir_616_3": 0.5, "55_de_616_3": 0.0, "56_fidelite._616_3": 0.0, "57_conditions_616_3": 0.0, "58_a_616_3": 1.0, "59_l'accueil._616_3": 0.2, "0_BIENTOT_307_1": 0.0, "1_MERCI_307_1": 0.0, "2_DE_307_1": 0.5, "3_VOTRE_307_1": 0.0, "4_VISITE_307_1": 0.0, "5_0002_307_1": 0.0, "6_004_307_1": 0.0, "7_000608_307_1": 0.0, "8_22/02/2017_307_1": 0.0, "9_11:58:32_307_1": 0.0, "10_CB_307_1": 0.5, "11_EMV_307_1": 0.0, "12_SANS_307_1": 0.0, "13_CONTACT_307_1": 0.0, "14_EUR_307_1": 0.0, "15_4.23\u20ac_307_1": 0.4, "16_(S)_307_1": 0.3333333333333333, "17_ARTICLE_307_1": 0.0, "18_TOTAL_307_1": 0.0, "19_A_307_1": 0.0, "20_PAYER_307_1": 0.0, "21_4.23\u20ac_307_1": 0.4, "22_*320G_307_1": 0.4, "23_SLDE_307_1": 0.0, "24_STOCKHOL_307_1": 0.0, "25_4.23\u20ac_307_1": 0.4, "0_CHANGE_receipt_00204_1": 0.16666666666666666, "1_DUE_receipt_00204_1": 0.0, "2_0_receipt_00204_1": 1.0, "3_TCASH_receipt_00204_1": 0.0, "4_17,000_receipt_00204_1": 0.0, "5_5236_receipt_00204_1": 0.0, "0_CHANGE_receipt_00359_1": 0.0, "1_0_receipt_00359_1": 0.0, "2_Card_receipt_00359_1": 0.25, "3_239,165_receipt_00359_1": 0.0, "4_TOTAL_receipt_00359_1": 0.0, "5_239,165_receipt_00359_1": 0.0, "6_Discount_receipt_00359_1": 0.0, "7_0_receipt_00359_1": 1.0, "8_Tax_receipt_00359_1": 0.0, "9_20,885_receipt_00359_1": 0.16666666666666666, "10_Service_receipt_00359_1": 0.0, "11_14,280_receipt_00359_1": 0.0, "12_Sub_receipt_00359_1": 0.0, "13_Total_receipt_00359_1": 0.2, "14_204,000_receipt_00359_1": 0.0, "15_BAB)_receipt_00359_1": 0.0, "16_15,000_receipt_00359_1": 0.0, "17_1_receipt_00359_1": 2.0, "18_92,000_receipt_00359_1": 0.16666666666666666, "19_GALBI_receipt_00359_1": 0.0, "20_TANG_receipt_00359_1": 0.0, "21_1_receipt_00359_1": 2.0, "0_KEMBALI_receipt_00455_1": 0.7142857142857143, "1_0_receipt_00455_1": 1.0, "2_TUNAI_receipt_00455_1": 0.6, "3_70.599_receipt_00455_1": 0.16666666666666666, "4_GRAND_receipt_00455_1": 0.6, "5_TOTAL_receipt_00455_1": 1.0, "6_70.599_receipt_00455_1": 0.16666666666666666, "7_TAX_receipt_00455_1": 0.6666666666666666, "8_10.00_receipt_00455_1": 0.0, "9_%_receipt_00455_1": 1.0, "10_6,418_receipt_00455_1": 0.4, "11_TOTIAL_receipt_00455_1": 0.8333333333333334, "12_64.181_receipt_00455_1": 1.0, "13_TAHU_receipt_00455_1": 0.5, "14_SATUAN_receipt_00455_1": 0.3333333333333333, "15_14,545_receipt_00455_1": 0.16666666666666666, "16_1_receipt_00455_1": 1.0, "17_14.545_receipt_00455_1": 0.3333333333333333, "18_NASI_receipt_00455_1": 1.0, "19_PUTIH_receipt_00455_1": 0.4, "20_1_receipt_00455_1": 2.0, "21_6.000_receipt_00455_1": 0.0, "22_6,000_receipt_00455_1": 0.2, "23_BASO_receipt_00455_1": 1.0, "24_TAHU_receipt_00455_1": 1.0, "25_1_receipt_00455_1": 1.0, "26_43.636_receipt_00455_1": 1.0, "27_43.636_receipt_00455_1": 0.5, "0_Offline_receipt_00547_1": 0.0, "1_TOTAL_receipt_00547_1": 0.0, "2_39,000_receipt_00547_1": 0.0, "0_QTE_334_0": 1.0, "1_DESCRIPTION_334_0": 0.0, "2_MONTANT_334_0": 0.2857142857142857, "3_Tel_334_0": 0.0, "4_17000_334_0": 0.0, "5_LA_334_0": 0.0, "6_ROCHELLE_334_0": 0.0, "7_RUE_334_0": 0.0, "8_33_334_0": 0.0, "9_DE_334_0": 0.0, "10_LA_334_0": 0.0, "11_SCIERIE_334_0": 0.14285714285714285, "12_CRF-CITY_334_0": 0.25, "13_LA_334_0": 0.5, "14_ROCHELLE_334_0": 0.0, "0_Change:_receipt_00109_1": 0.2857142857142857, "1_Tendered:_receipt_00109_1": 0.2222222222222222, "2_Cash_receipt_00109_1": 0.5, "3_35.000,00_receipt_00109_1": 0.0, "4_Total._receipt_00109_1": 0.16666666666666666, "5_Total_receipt_00109_1": 0.4, "6_4_receipt_00109_1": 2.0, "7_Item:_receipt_00109_1": 0.6, "8_8.000,00_receipt_00109_1": 0.125, "9_8.000,00_receipt_00109_1": 0.125, "10_x1_receipt_00109_1": 1.0, "11_1001-ROTI_receipt_00109_1": 0.4444444444444444, "12_COKLAT_receipt_00109_1": 0.0, "13_8.000,00_receipt_00109_1": 0.125, "14_8.000,00_receipt_00109_1": 0.125, "15_x1_receipt_00109_1": 1.0, "16_1022-ROTI_receipt_00109_1": 0.5555555555555556, "17_KACANG_receipt_00109_1": 0.3333333333333333, "18_MERAH_receipt_00109_1": 0.2, "19_10.500,00_receipt_00109_1": 0.1111111111111111, "20_10.500,00_receipt_00109_1": 0.3333333333333333, "21_x1_receipt_00109_1": 0.0, "22_1037-ROTI_receipt_00109_1": 0.1111111111111111, "23_MAHKOTA/RING_receipt_00109_1": 0.08333333333333333, "0_2,000_receipt_00625_1": 0.4, "1_CASH IDR_receipt_00625_1": 0.125, "2_30,000_receipt_00625_1": 0.0, "3_28,000_receipt_00625_1": 0.0, "4_SUB_receipt_00625_1": 1.0, "5_TOTAL_receipt_00625_1": 0.0, "6_28,000_receipt_00625_1": 0.3333333333333333, "0_:_445_0": 1.0, "1_Tel_445_0": 0.0, "2_17000_445_0": 0.0, "3_LA_445_0": 0.0, "4_ROCHELLE_445_0": 0.0, "5_33_445_0": 0.5, "6_RUE_445_0": 0.0, "7_DE_445_0": 0.0, "8_LA_445_0": 0.0, "9_SCIERIE_445_0": 0.0, "10_CRF-CITY_445_0": 0.0, "11_LA_445_0": 0.0, "12_ROCHELLE_445_0": 0.0, "0_Tawar_receipt_00678_0": 0.0, "1_Polo_receipt_00678_0": 0.5, "0_ _receipt_00065_0": 2.0, "0_CONTENT_761_3": 0.0, "1_PAS_761_3": 0.3333333333333333, "2_CONTENT:_761_3": 0.0, "3_et_761_3": 0.0, "4_SUR_761_3": 0.0, "5_DU_761_3": 0.0, "6_TICKET_761_3": 0.0, "7_DE_761_3": 0.0, "8_CAISSE_761_3": 0.0, "9_LIVRES,_761_3": 0.14285714285714285, "10_SURGELES,_761_3": 0.0, "11_VEGETAUX_761_3": 0.0, "12_VETEMENTS,_761_3": 0.0, "13_CD,_761_3": 0.3333333333333333, "14_SOUS_761_3": 0.75, "15_DVD_761_3": 1.0, "0_TOTAL_581_1": 0.0, "1_REMISE_581_1": 0.0, "2_IMMEDIATE_581_1": 0.0, "3_11,90-_581_1": 1.0, "4_ARTICLES_581_1": 0.0, "5_TOTAL_581_1": 0.0, "6_AVANT_581_1": 0.0, "7_REMISES_581_1": 0.0, "8_41,29_581_1": 1.0, "9_Total_581_1": 0.0, "10_Non_581_1": 0.0, "11_Alimentaire_581_1": 0.0, "12_18.30_581_1": 1.0, "13_SAC_581_1": 0.0, "14_A_581_1": 0.0, "15_PAIN_581_1": 0.0, "16_LUDIK_581_1": 0.0, "17_CABAS_581_1": 0.0, "18_PIECES_581_1": 0.0, "19_JAUNE_581_1": 0.0, "20_2,50_581_1": 0.25, "21_Remise_581_1": 0.0, "22_11,90-_581_1": 0.16666666666666666, "23_Immediate_581_1": 0.0, "24_OREILLER_581_1": 0.0, "25_MOELLEUX_581_1": 0.0, "26_11,90_581_1": 0.2, "27_OREILLER_581_1": 0.125, "28_65_581_1": 0.5, "29_FERME_581_1": 0.0, "30_12,90_581_1": 0.2, "31_Total_581_1": 0.0, "32_Alimentaire_581_1": 0.0, "33_11,09_581_1": 0.0, "34_6X1L_581_1": 0.5, "35_4_581_1": 0.0, "36_UHT_581_1": 0.3333333333333333, "37_1/2EC_581_1": 0.0, "38_LAC_581_1": 0.0, "39_4,86_581_1": 0.25, "40_BANANE_581_1": 0.0, "41_4_581_1": 0.0, "42_OPEN_581_1": 0.0, "43_TOP_581_1": 0.6666666666666666, "44_VR_581_1": 0.0, "45_1,37_581_1": 0.5, "46_4_581_1": 1.0, "47_MUFFINS_581_1": 0.0, "48_DOUBLE_581_1": 0.0, "49_CHO_581_1": 0.0, "50_2,90_581_1": 0.25, "51_PDA_581_1": 0.3333333333333333, "52_BAGUETTE_581_1": 0.0, "53_4_581_1": 1.0, "54_RUSTI_581_1": 0.0, "55_0,97_581_1": 0.5, "56_CONSERV_581_1": 0.2857142857142857, "57_PDT_581_1": 0.6666666666666666, "58_4_581_1": 1.0, "59_BLCHE_581_1": 0.0, "60_0,99_581_1": 0.25, "0_SUB_receipt_00497_0": 0.0, "1_TOTAL_receipt_00497_0": 0.0, "2_17,000_receipt_00497_0": 0.16666666666666666, "3_17,000_receipt_00497_0": 0.16666666666666666, "4_1_receipt_00497_0": 1.0, "5_17,000_receipt_00497_0": 0.16666666666666666, "6_CREAM_receipt_00497_0": 0.2, "7_SOUR_receipt_00497_0": 0.0, "8_N ONION_receipt_00497_0": 0.14285714285714285, "0_CASH_X51005361912_0": 0.0, "1_INVOICE_X51005361912_0": 0.2857142857142857, "2_TAX_X51005361912_0": 1.3333333333333333, "3_000689913856_X51005361912_0": 0.0, "4_No.:_X51005361912_0": 0.25, "5_GST_X51005361912_0": 0.0, "6_9481_X51005361912_0": 1.0, "7_03-3271_X51005361912_0": 0.14285714285714285, "8_FAX_X51005361912_0": 0.0, "9_03-3271_X51005361912_0": 0.0, "10_9872_X51005361912_0": 0.0, "11_TEL_X51005361912_0": 0.0, "12_SELANGOR_X51005361912_0": 0.0, "13_DARUL_X51005361912_0": 0.0, "14_EHSAN_X51005361912_0": 0.0, "15_BERJUNTAI_X51005361912_0": 0.1111111111111111, "16_BATANG_X51005361912_0": 0.0, "17_BESAR,_X51005361912_0": 0.16666666666666666, "18_45600_X51005361912_0": 0.0, "19_JALAN_X51005361912_0": 0.0, "20_53,_X51005361912_0": 0.6666666666666666, "21_(001451637-M)_X51005361912_0": 0.23076923076923078, "22_BOOKS_X51005361912_0": 0.0, "0_Vous_509_1": 0.0, "1_remercie_509_1": 0.0, "2_de_509_1": 0.0, "3_votre_509_1": 0.0, "4_visite_509_1": 0.0, "5_CARREFOUR_509_1": 0.0, "6_MARKET_509_1": 0.0, "7_AYTRE_509_1": 0.0, "8_repris_509_1": 0.0, "9_echange_509_1": 0.0, "10_Solde_509_1": 0.0, "11_ni_509_1": 0.0, "12_ni_509_1": 0.0, "13_0122_509_1": 0.0, "14_003_509_1": 0.0, "15_000567_509_1": 0.0, "16_08/03/2017_509_1": 0.0, "17_19:14:41_509_1": 0.0, "18_ESPECES_509_1": 0.0, "19_EUR_509_1": 0.0, "20_4.10\u20ac_509_1": 0.4, "21_2_509_1": 0.0, "22_ARTICLE_509_1": 0.0, "23_(S)_509_1": 0.6666666666666666, "24_TOTAL_509_1": 0.0, "25_PAYER_509_1": 0.0, "26_A_509_1": 0.0, "27_4.10\u20ac_509_1": 0.4, "28_TOTAL_509_1": 0.0, "29_ALIMENTAIRE_509_1": 0.2727272727272727, "30_4.10\u20ac_509_1": 0.4, "31_*PASTIN_509_1": 0.0, "32_CAMP.400G_509_1": 0.3333333333333333, "33_1.85\u20ac_509_1": 0.4, "34_*PAIN_509_1": 0.0, "35_CEREALES_509_1": 0.0, "36_BIO_509_1": 0.0, "37_2.25\u20ac_509_1": 0.4, "0_58,000_receipt_00305_1": 0.0, "1_CHANGE DUE_receipt_00305_1": 0.6, "2_100,000_receipt_00305_1": 0.0, "3_CASH IDR_receipt_00305_1": 0.125, "4_42,000_receipt_00305_1": 0.0, "5_GRAND TOTAL_receipt_00305_1": 0.18181818181818182, "6_42,000_receipt_00305_1": 0.16666666666666666, "7_SUB TOTAL_receipt_00305_1": 0.1111111111111111, "8_19,000_receipt_00305_1": 0.16666666666666666, "9_19,000_receipt_00305_1": 0.16666666666666666, "10_1_receipt_00305_1": 0.0, "0_/kg_760_0": 0.0, "1_kg_760_0": 0.0, "2_\u20ac_760_0": 0.0, "3_:_760_0": 1.0, "4_Ticket_760_0": 0.0, "5_Num_760_0": 0.0, "6_127_760_0": 0.0, "7_Vendeur:_760_0": 0.0, "8_CHRISTOPHE_760_0": 0.0, "9_2_760_0": 0.0, "10_Balance:_760_0": 0.0, "11_56_760_0": 0.0, "12_1_760_0": 0.0, "13_Client:_760_0": 0.0, "14_TEL_760_0": 0.0, "15_46_760_0": 0.0, "16_45_760_0": 0.0, "17_90_760_0": 0.0, "18_00_760_0": 0.5, "19_17_760_0": 1.5, "20_690_760_0": 0.0, "21_SUR_760_0": 0.0, "22_MER_760_0": 0.0, "23_LES_760_0": 0.0, "24_SERRES_760_0": 0.0, "25_DES_760_0": 0.0, "26_ANGLOIS_760_0": 0.0, "0_72.001_receipt_00300_1": 1.0, "0_QTE_574_0": 0.3333333333333333, "1_MONTANT_574_0": 0.2857142857142857, "2_DESCRIPTION_574_0": 0.0, "3_Bienvenue_574_0": 0.0, "4_Carrefour_574_0": 0.0, "5_Market_574_0": 0.0, "6_chez_574_0": 0.0, "7_12H30_574_0": 0.0, "8_Dimanche_574_0": 0.25, "9_9H00_574_0": 0.5, "10_a_574_0": 0.0, "11_Lundi_574_0": 0.0, "12_au_574_0": 0.0, "13_Samedi_574_0": 0.0, "14_de_574_0": 0.0, "15_8H30_574_0": 0.25, "16_a_574_0": 0.0, "17_19H30_574_0": 0.0, "18_:_574_0": 2.0, "19_Tel_574_0": 0.0, "20_04_574_0": 0.0, "21_66_574_0": 1.0, "22_88_574_0": 0.5, "23_98_574_0": 0.0, "24_98_574_0": 0.0, "25_VAUVERT_574_0": 0.0, "0_11_145_1": 1.0, "1_ARTICLE(S)_145_1": 0.0, "2_TOTAL_145_1": 0.0, "3_PAYER_145_1": 0.0, "4_A_145_1": 1.0, "5_22.03\u20ac_145_1": 0.3333333333333333, "6_SAC_145_1": 0.3333333333333333, "7_PIIGN_145_1": 0.6, "8_0.15\u20ac_145_1": 0.4, "9_P.J.OHANGE_145_1": 0.3, "10_CRF_145_1": 0.3333333333333333, "11_2L_145_1": 0.5, "12_2.53\u20ac_145_1": 0.4, "13_NECT.ORANG.CRF_145_1": 0.2857142857142857, "14_2L_145_1": 1.0, "15_1.55\u20ac_145_1": 0.4, "16_LIMONADE_145_1": 0.125, "17_LIGH.CRF_145_1": 0.5, "18_0.80\u20ac_145_1": 0.4, "19_0.0650kg_145_1": 0.25, "20_x_145_1": 2.0, "21_3.50\u20ac/kg_145_1": 0.125, "22_CITRON_145_1": 0.0, "23_VERT_145_1": 0.0, "24_KG_145_1": 1.0, "25_0.23\u20ac_145_1": 0.4, "26_0.4600kg_145_1": 0.25, "27_3.95\u20ac/kg_145_1": 0.125, "28_x_145_1": 2.0, "29_CITRON_145_1": 0.16666666666666666, "30_JAUNE_145_1": 0.4, "31_1.82\u20ac_145_1": 0.4, "32_BROCHETTE_145_1": 0.1111111111111111, "33_BOIS_145_1": 0.0, "34_1.20\u20ac_145_1": 0.4, "35_BIERE_145_1": 0.0, "36_ABBAYE_145_1": 0.0, "37_X6_145_1": 0.0, "38_2x_145_1": 0.5, "39_3.72_145_1": 0.75, "40_7.44\u20ac_145_1": 0.4, "41_2L_145_1": 1.0, "42_COCA_145_1": 0.25, "43_COLA_145_1": 0.0, "44_HB_145_1": 0.5, "45_1.97\u20ac_145_1": 0.4, "46_1664_145_1": 0.0, "47_BIERE_145_1": 0.2, "48_X6_145_1": 0.5, "49_4.34\u20ac_145_1": 0.4, "0_-11.70\u20ac_504_1": 0.2857142857142857, "1_Monnaie_504_1": 0.0, "2_Votre_504_1": 0.0, "3_20.07\u20ac_504_1": 0.3333333333333333, "4_EUR_504_1": 0.0, "5_ESPECES_504_1": 0.0, "6_8.37\u20ac_504_1": 0.4, "7_(S)_504_1": 0.3333333333333333, "8_PAYER_504_1": 0.0, "9_TOTAL_504_1": 0.0, "10_A_504_1": 0.0, "11_4_504_1": 0.0, "12_ARTICLE_504_1": 0.0, "13_2.95\u20ac_504_1": 0.4, "14_ALIMENTAIRE_504_1": 0.0, "15_TOTAL_504_1": 0.0, "16_NON_504_1": 0.6666666666666666, "17_2.95\u20ac_504_1": 0.4, "18_30CL_504_1": 0.25, "19_SEARCH_504_1": 0.0, "20_BR_504_1": 0.0, "21_HUG_504_1": 0.6666666666666666, "22_5.42\u20ac_504_1": 0.4, "23_ALIMENTAIRE_504_1": 0.09090909090909091, "24_TOTAL_504_1": 0.2, "25_1.73\u20ac_504_1": 0.4, "26_*RAISIN_504_1": 0.14285714285714285, "27_NOIR_504_1": 0.25, "28_1.50\u20ac_504_1": 0.4, "29_SOURCE_504_1": 0.0, "30_*6X1.5L_504_1": 0.14285714285714285, "31_EAU_504_1": 0.3333333333333333, "32_2.19\u20ac_504_1": 0.4, "33_VERT_504_1": 0.0, "34_MENT_504_1": 0.25, "35_THE_504_1": 0.0, "36_30ST_504_1": 0.5, "0_:_112_0": 1.0, "1_Tel_112_0": 0.0, "2_17000_112_0": 0.0, "3_LA_112_0": 0.0, "4_ROCHELLE_112_0": 0.0, "5_33_112_0": 0.0, "6_RUE_112_0": 0.0, "7_DE_112_0": 0.0, "8_LA_112_0": 0.0, "9_SCIERIE_112_0": 0.0, "10_CRF-CITY_112_0": 0.0, "11_LA_112_0": 0.0, "12_ROCHELLE_112_0": 0.0, "0_65,500_receipt_00599_1": 0.16666666666666666, "1_Cash_receipt_00599_1": 0.25, "2_Total_receipt_00599_1": 0.0, "3_5,955_receipt_00599_1": 0.8, "4_P.Rest_receipt_00599_1": 0.16666666666666666, "5_10_receipt_00599_1": 1.0, "6_%_receipt_00599_1": 1.0, "7_59,545_receipt_00599_1": 0.16666666666666666, "8_Sub_receipt_00599_1": 0.0, "9_Total_receipt_00599_1": 0.2, "10_HC_receipt_00599_1": 0.5, "11_27,727_receipt_00599_1": 0.5, "12_SB_receipt_00599_1": 0.0, "13_1_receipt_00599_1": 2.0, "14_1_receipt_00599_1": 1.0, "15_31,818_receipt_00599_1": 0.0, "16_Full_receipt_00599_1": 0.0, "17_Box_receipt_00599_1": 0.3333333333333333, "18_1_receipt_00599_1": 1.0, "0_A_362_2": 0.0, "1_BIENTOT_362_2": 0.0, "0_BIENTOT_376_2": 0.14285714285714285, "1_A_376_2": 0.0, "2_MERCI_376_2": 0.0, "3_DE_376_2": 0.0, "4_VOTRE_376_2": 0.0, "5_VISITE_376_2": 0.0, "0_DESCRIPTION_69_0": 0.0, "1_QTE_69_0": 0.3333333333333333, "2_MONTANT_69_0": 0.14285714285714285, "3_Tel_69_0": 0.0, "4_17000_69_0": 0.2, "5_LA_69_0": 0.5, "6_ROCHELLE_69_0": 0.0, "7_33_69_0": 1.5, "8_RUE_69_0": 0.0, "9_DE_69_0": 0.0, "10_LA_69_0": 0.0, "11_SCIERIE_69_0": 0.14285714285714285, "12_CRF-CITY_69_0": 0.0, "13_LA_69_0": 0.5, "14_ROCHELLE_69_0": 0.0, "0_LIVRAISON_743_2": 0.2222222222222222, "1_DIRECTE_743_2": 0.0, "2_A_743_2": 0.0, "3_DOMICILE_743_2": 0.0, "4_COMMANDEZ_743_2": 0.1111111111111111, "5_VOS_743_2": 1.0, "6_PRODUITS_743_2": 0.0, "7_MULTIMEDIA_743_2": 0.0, "8_SUR_743_2": 0.0, "9_ou_743_2": 0.0, "10_sur_743_2": 0.0, "11_carte_743_2": 0.0, "12_de_743_2": 0.0, "13_fidelite_743_2": 0.0, "14_la_743_2": 0.0, "15_par_743_2": 0.0, "16_Les_743_2": 0.0, "17_remboursenents_743_2": 0.07142857142857142, "18_se_743_2": 1.0, "19_font_743_2": 0.0, "20_avoir_743_2": 0.0, "21_enballage_743_2": 0.0, "22_d'origine_743_2": 0.0, "23_non_743_2": 0.0, "24_ouvert._743_2": 0.0, "25_obligatoirement_743_2": 0.06666666666666667, "26_dans_743_2": 0.0, "27_son_743_2": 0.0, "28_ticket_743_2": 0.0, "29_avec_743_2": 0.0, "30_le_743_2": 0.0, "31_caisse_743_2": 0.0, "32_et_743_2": 0.0, "33_(voir_743_2": 0.4, "34_modalites_743_2": 0.1111111111111111, "35_a_743_2": 1.0, "36_l'accueil)_743_2": 0.3, "37_ou_743_2": 0.0, "38_pour_743_2": 0.0, "39_la_743_2": 0.5, "40_48_743_2": 0.0, "41_h_743_2": 0.0, "42_librairie_743_2": 0.0, "43_Tout_743_2": 0.0, "44_article_743_2": 0.0, "45_echange_743_2": 0.14285714285714285, "46_jours_743_2": 1.0, "47_sera_743_2": 0.75, "48_sous_743_2": 0.25, "49_15_743_2": 0.0, "0_ _receipt_00490_0": 5.0, "0_Free_receipt_00781_0": 0.0, "1_Tea_receipt_00781_0": 0.0, "2_(0)_receipt_00781_0": 0.3333333333333333, "3_Pucuk_receipt_00781_0": 0.0, "4_Paket_receipt_00781_0": 0.0, "5_KP1_receipt_00781_0": 0.0, "6_1_receipt_00781_0": 0.0, "7_45.455_receipt_00781_0": 0.0, "0_chewing-gum_812_0": 0.09090909090909091, "1_2532151_812_0": 0.0, "2_mentos_812_0": 0.0, "3_1,39_812_0": 0.25, "4_ARTICLES_812_0": 0.0, "5_EUR_812_0": 0.0, "6_05-06-2017_812_0": 0.0, "7_17:08:25_812_0": 0.0, "8_par:_812_0": 0.0, "9_Benjamin_812_0": 0.0, "10_Vous_812_0": 0.0, "11_etes_812_0": 0.0, "12_servi_812_0": 0.0, "13_Juin,_812_0": 0.0, "14_Rue_812_0": 0.0, "15_du_812_0": 0.0, "16_18_812_0": 0.0, "17_ZAC_812_0": 0.3333333333333333, "18_Beaulieu_812_0": 0.0, "19_Puilboreau_812_0": 0.0, "20_4154_812_0": 0.0, "0_*Parm.poulet_700_0": 0.0, "1_FE_700_0": 0.0, "2_2,00_700_0": 0.0, "3_4,00_700_0": 0.25, "4_\u20ac_700_0": 0.0, "5_2,00_700_0": 0.0, "6_4,00_700_0": 0.0, "7_\u20ac_700_0": 1.0, "8_*Colin_700_0": 0.16666666666666666, "9_Bord._700_0": 0.0, "10_FE_700_0": 0.0, "11_L'enseigne_700_0": 0.1, "12_preferee_700_0": 0.0, "13_Francais_700_0": 0.0, "14_des_700_0": 0.0, "15_0238520892_700_0": 0.0, "16_45000_700_0": 0.0, "17_ORLEANS_700_0": 0.0, "18_BOURGOGNE_700_0": 0.0, "19_130_700_0": 0.0, "20_RUE_700_0": 0.0, "21_DU_700_0": 1.0, "22_FAUBOURG_700_0": 0.0, "23_DE_700_0": 0.0, "24_-_700_0": 1.0, "25_343_700_0": 0.0, "26_PICARD_700_0": 0.0, "27_SURGELES_700_0": 0.0, "28_SAS_700_0": 0.0, "0_162_605_0": 0.0, "1_Ticket_605_0": 0.0, "2_Num_605_0": 0.0, "3_:_605_0": 1.0, "4_Rayon_605_0": 0.0, "5_1_605_0": 0.0, "6_:_605_0": 1.0, "7_GILLOU_605_0": 0.0, "8_Vendeur_605_0": 0.0, "9_:_605_0": 1.0, "10_11:56_605_0": 0.0, "11_15/07/2017_605_0": 0.2, "12_Date_605_0": 0.0, "13_Client:_605_0": 0.0, "14_64_605_0": 0.0, "15_Balance:_605_0": 0.0, "16_06_605_0": 1.0, "17_44_605_0": 0.5, "18_28_605_0": 0.0, "19_50_605_0": 0.0, "20_63_605_0": 0.0, "21_MEURS_605_0": 0.0, "22_PRI_605_0": 0.0, "23_17_605_0": 0.0, "0_68,000_receipt_00105_1": 1.0, "1_Change_receipt_00105_1": 0.16666666666666666, "2_100,000_receipt_00105_1": 0.14285714285714285, "3_CASH_receipt_00105_1": 0.25, "4_TOTAL_receipt_00105_1": 0.0, "5_2,909_receipt_00105_1": 1.0, "6_10%_receipt_00105_1": 1.0, "7_PB1_receipt_00105_1": 1.0, "8_SUBTOTAL_receipt_00105_1": 0.25, "9_29,090_receipt_00105_1": 0.16666666666666666, "0_2.0_590_3": 0.0, "1_GRAND_590_3": 0.2, "2_JEU_590_3": 0.3333333333333333, "3_Vous_590_3": 0.0, "4_remercie_590_3": 0.0, "5_de_590_3": 0.0, "6_votre_590_3": 0.0, "7_visite_590_3": 0.0, "0_ _receipt_00281_0": 2.0, "0_Qty_receipt_00178_1": 1.0, "1_Total_receipt_00178_1": 0.6, "2_2_receipt_00178_1": 2.0, "3_[1]_receipt_00178_1": 1.0, "4_BCA_receipt_00178_1": 0.6666666666666666, "5_DEBIT_receipt_00178_1": 0.8, "6_-259,000_receipt_00178_1": 0.625, "7_Total_receipt_00178_1": 0.8, "8_Rp_receipt_00178_1": 1.0, "9_259.000_receipt_00178_1": 0.2857142857142857, "10_PLASTIK_receipt_00178_1": 0.5714285714285714, "11_BAG;:_receipt_00178_1": 0.6, "12_000_receipt_00178_1": 1.0, "13_PC_receipt_00178_1": 1.5, "14_0_receipt_00178_1": 2.0, "15_HP66000_receipt_00178_1": 0.2857142857142857, "16_GARISH_receipt_00178_1": 0.16666666666666666, "17_PC_receipt_00178_1": 1.0, "18_259.000_receipt_00178_1": 0.14285714285714285, "0_91,000_receipt_00030_1": 0.5, "1_CHANGE_receipt_00030_1": 0.16666666666666666, "2_CASH_receipt_00030_1": 0.0, "3_100,000_receipt_00030_1": 0.5714285714285714, "4_TOTAL_receipt_00030_1": 0.8, "5_9,000_receipt_00030_1": 0.8, "6_2.00xITEMS_receipt_00030_1": 0.6, "0_CARREFOUR_199_2": 0.0, "1_CITY_199_2": 0.0, "2_VOUS_199_2": 1.0, "3_REMERCIE_199_2": 0.0, "0_Qty_receipt_00653_1": 0.3333333333333333, "1_6_receipt_00653_1": 0.0, "2_Total_receipt_00653_1": 0.0, "3_Total_receipt_00653_1": 0.0, "4_item_receipt_00653_1": 0.5, "5_5_receipt_00653_1": 1.0, "6_516,780_receipt_00653_1": 0.2857142857142857, "7_TOTAL_receipt_00653_1": 0.0, "8_59,000_receipt_00653_1": 0.16666666666666666, "9_Subtotal_receipt_00653_1": 0.0, "10_PASTRY_receipt_00653_1": 0.16666666666666666, "11_376,000_receipt_00653_1": 0.0, "12_BEVERAGES_receipt_00653_1": 0.1111111111111111, "13_Subtotal_receipt_00653_1": 0.0, "14_46,980_receipt_00653_1": 0.0, "15_Tax_receipt_00653_1": 0.0, "16_Service_receipt_00653_1": 0.0, "17_34,800_receipt_00653_1": 0.0, "18_435,000_receipt_00653_1": 0.0, "19_SUBTOTAL_receipt_00653_1": 0.0, "20_36,000_receipt_00653_1": 0.0, "21_Tonic_receipt_00653_1": 0.0, "22_Water_receipt_00653_1": 0.0, "23_1_receipt_00653_1": 0.0, "24_++Tonic_receipt_00653_1": 0.2857142857142857, "25_Water_receipt_00653_1": 0.0, "26_2_receipt_00653_1": 0.0, "27_45,000_receipt_00653_1": 0.0, "28_Lurisia_receipt_00653_1": 0.0, "29_stille_receipt_00653_1": 0.0, "30_330ml_receipt_00653_1": 0.2, "31_1_receipt_00653_1": 0.0, "32_Lurisia_receipt_00653_1": 0.0, "33_Bolle_receipt_00653_1": 0.0, "34_330ml_receipt_00653_1": 0.4, "35_55,000_receipt_00653_1": 0.16666666666666666, "36_1_receipt_00653_1": 0.0, "37_Tanqueray_receipt_00653_1": 0.0, "38_gls_receipt_00653_1": 0.3333333333333333, "39_240,000_receipt_00653_1": 0.0, "40_NO_receipt_00653_1": 0.0, "41_10_receipt_00653_1": 0.0, "42_2_receipt_00653_1": 0.0, "43_brulee_receipt_00653_1": 0.0, "44_Pandan_receipt_00653_1": 0.0, "45_Cream_receipt_00653_1": 0.2, "46_59,000_receipt_00653_1": 0.0, "47_1_receipt_00653_1": 0.0, "0_sur_691_2": 0.0, "1_Rendez-vous_691_2": 0.0, "2_surprises,_691_2": 0.0, "3_actualites,_691_2": 0.0, "4_idees_691_2": 0.2, "5_recettes._691_2": 0.0, "6_:_691_2": 1.0, "7_reductions,_691_2": 0.09090909090909091, "8_et_691_2": 0.0, "9_recevez_691_2": 0.0, "10_-_691_2": 1.0, "11_PROGRAMME_691_2": 0.0, "12_FIDELITE_691_2": 0.0, "13_DE_691_2": 0.0, "14_378333_691_2": 0.0, "15_GFIL_691_2": 0.0, "16_28.12.16_691_2": 0.0, "17_2_691_2": 0.0, "18_18:33_691_2": 0.0, "19_Empl_691_2": 0.25, "20_Ticket_691_2": 0.0, "21_Heure_691_2": 0.0, "22_Caisse_691_2": 0.0, "23_Date_691_2": 0.0, "24_V1_691_2": 0.5, "25_3,23_691_2": 0.75, "26_62,00_691_2": 0.2, "27_58,77_691_2": 0.2, "28_5,5_691_2": 1.0, "29_%_691_2": 0.0, "30_Mt_691_2": 0.0, "31_Mt_691_2": 0.0, "32_TTC_691_2": 0.0, "33_Mt_691_2": 0.5, "34_HT_691_2": 0.0, "35_TVA_691_2": 0.3333333333333333, "36_10,00_691_2": 0.0, "37_Especes_691_2": 0.0, "38_Rendu_691_2": 0.0, "39_\u20ac_691_2": 0.0, "0_WA45-/2A_X00016469623_0": 0.5, "1_-_X00016469623_0": 2.0, "2_12_X00016469623_0": 0.0, "3_KILAT_X00016469623_0": 1.0, "4_AUTO_X00016469623_0": 0.0, "5_ECO_X00016469623_0": 0.6666666666666666, "6_WASH_X00016469623_0": 0.25, "7_SHINE_X00016469623_0": 0.0, "8_ES1000_X00016469623_0": 0.0, "9_1L_X00016469623_0": 0.5, "10_&_X00016469623_0": 0.0, "11_-INVOICE-_X00016469623_0": 0.2222222222222222, "12_(TESCO_X00016469623_0": 0.3333333333333333, "13_NILAI)_X00016469623_0": 0.16666666666666666, "14_PUTRA_X00016469623_0": 0.0, "15_KEMBANGAN,_X00016469623_0": 0.0, "16_SERI_X00016469623_0": 0.25, "17_SELANGOR_X00016469623_0": 0.0, "18_43300_X00016469623_0": 0.0, "19_BALAKONG,_X00016469623_0": 0.1111111111111111, "20_KAWASAN_X00016469623_0": 0.2857142857142857, "21_PERI_X00016469623_0": 0.25, "22_NDUSTRIAN_X00016469623_0": 0.0, "23_1OT_X00016469623_0": 0.6666666666666666, "24_1851-B,_X00016469623_0": 0.2857142857142857, "25_KPB_X00016469623_0": 0.6666666666666666, "26_6,_X00016469623_0": 1.0, "27_1851-A_X00016469623_0": 0.3333333333333333, "28_JALAN_X00016469623_0": 0.0, "29_:_X00016469623_0": 1.0, "30_860671-D)_X00016469623_0": 0.7777777777777778, "31_(CO.REG_X00016469623_0": 0.14285714285714285, "32_MR_X00016469623_0": 0.0, "33_D.I.Y._X00016469623_0": 0.8333333333333334, "34_(M)_X00016469623_0": 0.6666666666666666, "35_SDN_X00016469623_0": 0.3333333333333333, "36_BHD_X00016469623_0": 0.3333333333333333, "37_yann_X00016469623_0": 0.0, "38_woon_X00016469623_0": 0.0, "39_tan_X00016469623_0": 0.0, "0_ _receipt_00519_0": 2.0, "0_0_receipt_00728_1": 0.0, "1_CHANGE_receipt_00728_1": 0.16666666666666666, "2_CASH_receipt_00728_1": 0.25, "3_12,000_receipt_00728_1": 0.0, "0_MONTANT_310_0": 0.14285714285714285, "1_DESCRIPTION_310_0": 0.0, "2_QTE_310_0": 1.0, "3_Tel_310_0": 0.0, "4_17000_310_0": 0.0, "5_ROCHELLE_310_0": 0.0, "6_LA_310_0": 0.5, "7_33_310_0": 0.0, "8_RUE_310_0": 0.0, "9_DE_310_0": 0.0, "10_LA_310_0": 0.0, "11_SCIERIE_310_0": 0.0, "12_CRF-CITY_310_0": 0.0, "13_LA_310_0": 1.5, "14_ROCHELLE_310_0": 0.0, "0_22.68\u20ac_476_1": 0.3333333333333333, "1_ALIMENTAIRE_476_1": 0.18181818181818182, "2_TOTAL_476_1": 0.4, "3_1.88\u20ac_476_1": 0.4, "4_FRUITS_476_1": 0.0, "5_RGES_476_1": 0.0, "6_TAOURT_476_1": 0.3333333333333333, "7_0.84\u20ac_476_1": 0.4, "8_P.PRIX_476_1": 0.16666666666666666, "9_HRE_476_1": 1.0, "10_2.93\u20ac_476_1": 0.4, "11_1.50e_476_1": 0.2, "12_CARREFOUR_476_1": 0.7777777777777778, "13_DOONY'S_476_1": 0.14285714285714285, "14_CHOCO_476_1": 0.0, "15_0.94_476_1": 0.5, "16_FOURRE_476_1": 0.0, "17_CHOC.CRF_476_1": 0.125, "18_RD_476_1": 1.0, "19_2.24\u20ac_476_1": 0.6, "20_BAN/F_476_1": 0.2, "21_*DANAO_476_1": 0.16666666666666666, "22_ORANGE_476_1": 0.0, "23_0.99_476_1": 0.25, "24_1.98\u20ac_476_1": 0.4, "25_2x_476_1": 0.5, "26_-1EURO_476_1": 0.0, "27_PECHE_476_1": 0.0, "28_3F_476_1": 0.0, "29_*BO_476_1": 0.3333333333333333, "30_1.68\u20ac_476_1": 0.4, "31_0.84_476_1": 0.0, "32_BISC.CHOCO_476_1": 0.1, "33_2x_476_1": 0.5, "34_LAIT_476_1": 0.25, "35_CF_476_1": 0.0, "36_1.30\u20ac_476_1": 0.4, "37_SAV_476_1": 0.3333333333333333, "38_*850G_476_1": 0.4, "39_YAB_476_1": 0.6666666666666666, "40_FRAI_476_1": 0.25, "41_2.21_476_1": 1.0, "42_FROMAGE_476_1": 0.0, "43_FONDU_476_1": 0.0, "44_*400G_476_1": 0.2, "45_1.00\u20ac_476_1": 0.4, "46_M.GR.A_476_1": 0.16666666666666666, "47_TARTIN_476_1": 0.0, "48_250G_476_1": 0.25, "49_1.78\u20ac_476_1": 0.4, "50_0.89_476_1": 0.0, "51_2x_476_1": 1.0, "52_THON_476_1": 0.25, "53_ENTIER_476_1": 0.16666666666666666, "54_*1/5_476_1": 0.5, "0_12_receipt_00293_1": 0.0, "1_42.420_receipt_00293_1": 0.5, "2_Pajak_receipt_00293_1": 0.0, "3_Rest_receipt_00293_1": 0.25, "4_20.200_receipt_00293_1": 0.8333333333333334, "5_10%_receipt_00293_1": 0.3333333333333333, "6_Servi_receipt_00293_1": 0.2, "7_Charge_receipt_00293_1": 0.16666666666666666, "8_404.000_receipt_00293_1": 0.5714285714285714, "9_5%_receipt_00293_1": 0.5, "10_Subtotal_receipt_00293_1": 0.125, "11_11.000_receipt_00293_1": 0.3333333333333333, "12_Teh_receipt_00293_1": 0.0, "13_1_receipt_00293_1": 1.0, "14_33.000_receipt_00293_1": 0.0, "15_Tawar_receipt_00293_1": 0.0, "16_Panas_receipt_00293_1": 0.0, "17_Teh_receipt_00293_1": 0.0, "18_3_receipt_00293_1": 1.0, "19_31.000_receipt_00293_1": 0.0, "20_Tawar_receipt_00293_1": 0.0, "21_Dingin_receipt_00293_1": 0.0, "22_Mendoan_receipt_00293_1": 0.0, "23_1_receipt_00293_1": 2.0, "24_43.000_receipt_00293_1": 0.0, "25_Nasi_receipt_00293_1": 0.0, "26_1_receipt_00293_1": 1.0, "27_52.000_receipt_00293_1": 0.0, "28_Goreng_receipt_00293_1": 0.0, "29_Rawon_receipt_00293_1": 0.0, "30_Nasi_receipt_00293_1": 0.0, "31_1_receipt_00293_1": 0.0, "32_Goreng_receipt_00293_1": 0.0, "33_45.000_receipt_00293_1": 0.16666666666666666, "34_Gila_receipt_00293_1": 0.0, "35_Nila_receipt_00293_1": 0.0, "36_1_receipt_00293_1": 2.0, "37_Nasi_receipt_00293_1": 0.0, "38_Penyet_receipt_00293_1": 0.16666666666666666, "39_47.000_receipt_00293_1": 0.0, "40_+_receipt_00293_1": 3.0, "41_Ayam._receipt_00293_1": 0.0, "42_1_receipt_00293_1": 2.0, "43_Kremes_receipt_00293_1": 0.0, "44_46.000_receipt_00293_1": 0.0, "45_Ayam_receipt_00293_1": 0.0, "46_Garang_receipt_00293_1": 0.0, "47_1_receipt_00293_1": 2.0, "48_Asem_receipt_00293_1": 0.0, "49_47.000_receipt_00293_1": 0.0, "50_Nasi_receipt_00293_1": 0.0, "51_Uduk_receipt_00293_1": 0.0, "52_Ayam_receipt_00293_1": 0.0, "53_1_receipt_00293_1": 1.0, "54_49.000_receipt_00293_1": 0.0, "55_Nasi_receipt_00293_1": 0.0, "56_1_receipt_00293_1": 1.0, "57_Liwet_receipt_00293_1": 0.0, "0_Votre_543_1": 0.0, "1_Monnaie_543_1": 0.0, "2_-3.00\u20ac_543_1": 0.3333333333333333, "3_ESPECES_543_1": 0.0, "4_EUR_543_1": 0.0, "5_10.32\u20ac_543_1": 0.3333333333333333, "6_4_543_1": 0.0, "7_ARTICLE(S)_543_1": 0.0, "8_TOTAL_543_1": 0.0, "9_A_543_1": 0.0, "10_PAYER_543_1": 0.0, "11_7.32\u20ac_543_1": 0.6, "12_*SAUMON_543_1": 0.2857142857142857, "13_OSEILLE/RIZ_543_1": 0.09090909090909091, "14_4.18\u20ac_543_1": 0.4, "15_0.182kg_543_1": 0.0, "16_x_543_1": 0.0, "17_2.50\u20ac/kg_543_1": 0.125, "18_*F_543_1": 1.0, "19_POMME_543_1": 0.4, "20_ROUGE_543_1": 0.0, "21_0.46\u20ac_543_1": 0.4, "22_*80G_543_1": 0.5, "23_CHOC_543_1": 0.25, "24_NOIR_543_1": 0.0, "25_80%_543_1": 0.3333333333333333, "26_1.08\u20ac_543_1": 0.4, "27_*200G_543_1": 0.4, "28_CAROTTE_543_1": 0.0, "29_RAPE_543_1": 0.0, "30_BI_543_1": 0.5, "31_1.60\u20ac_543_1": 0.4, "0_DESCRIPTION_588_0": 0.0, "1_QTE_588_0": 1.0, "2_MONTANT_588_0": 0.5714285714285714, "3_:_588_0": 1.0, "4_Tel_588_0": 0.0, "5_ROCHELLE_588_0": 0.0, "6_17000_588_0": 0.0, "7_LA_588_0": 0.0, "8_PLACE_588_0": 0.0, "9_MOTTE_588_0": 0.0, "10_CDT_588_0": 1.0, "11_ROUGE_588_0": 0.0, "12_SARL_588_0": 0.0, "13_MONTER_588_0": 0.0, "14_DISTRIBUTION_588_0": 0.0, "0_60,999_receipt_00043_1": 0.6666666666666666, "1_Card:_receipt_00043_1": 0.4, "2_Debit_receipt_00043_1": 0.4, "3_5,545_receipt_00043_1": 0.2, "4_PB1:_receipt_00043_1": 0.75, "5_55,454_receipt_00043_1": 0.0, "6_SubTotal:_receipt_00043_1": 0.1111111111111111, "7_28,182_receipt_00043_1": 0.0, "8_Toblerone_receipt_00043_1": 0.2222222222222222, "9_BanCheese_receipt_00043_1": 0.2222222222222222, "10_1_receipt_00043_1": 1.0, "11_27,272_receipt_00043_1": 0.0, "12_Nutella_receipt_00043_1": 0.14285714285714285, "13_Cheese_receipt_00043_1": 0.0, "14_1_receipt_00043_1": 1.0, "0_ _receipt_00500_0": 15.0, "0_ _receipt_00453_0": 2.0, "0_/hagat_receipt_00261_0": 0.0, "1_Es_receipt_00261_0": 0.5, "2_Jeruk_receipt_00261_0": 0.2, "3_10.000_receipt_00261_0": 0.3333333333333333, "4_5.000_receipt_00261_0": 0.0, "5_2_receipt_00261_0": 0.0, "6_Liang_receipt_00261_0": 0.0, "7_Teh_receipt_00261_0": 0.0, "8_26.000_receipt_00261_0": 0.0, "9_26.000_receipt_00261_0": 0.0, "10_1_receipt_00261_0": 1.0, "11_Pst/_receipt_00261_0": 0.25, "12_Bakso_receipt_00261_0": 0.2, "13_Bakmie_receipt_00261_0": 0.16666666666666666, "14_2_receipt_00261_0": 0.0, "15_68.000_receipt_00261_0": 0.0, "16_34.000_receipt_00261_0": 0.0, "17_Pst/bakso_receipt_00261_0": 0.2222222222222222, "18_Mie_receipt_00261_0": 0.3333333333333333, "19_Jumbo_receipt_00261_0": 0.0, "0_SOLD_X00016469622_2": 0.75, "1_ARE_X00016469622_2": 0.0, "2_GOODS_X00016469622_2": 0.0, "3_REFUNDABLE_X00016469622_2": 0.0, "4_ONLY_X00016469622_2": 0.5, "5_NOT_X00016469622_2": 0.0, "6_Total_X00016469622_2": 0.0, "7_80.91_X00016469622_2": 0.2, "8_0.00_X00016469622_2": 0.0, "9_91_X00016469622_2": 0.0, "10_80_X00016469622_2": 0.0, "11_SR_X00016469622_2": 0.0, "12_Tax_X00016469622_2": 0.0, "13_Tax_X00016469622_2": 0.0, "14_Code_X00016469622_2": 0.0, "15_(RM)_X00016469622_2": 0.0, "16_(RM)_X00016469622_2": 0.0, "17_Amt_X00016469622_2": 0.3333333333333333, "0_11.15\u20ac_49_1": 0.3333333333333333, "1_TOTAL_49_1": 0.4, "2_A_49_1": 2.0, "3_PAYER_49_1": 0.0, "4_3.95\u20ac/kg_49_1": 0.25, "5_0.385kg_49_1": 0.0, "6_x_49_1": 0.0, "7_1.52\u20ac_49_1": 0.4, "8_*TOMATE_49_1": 0.2857142857142857, "9_ALLONGEE_49_1": 0.0, "10_1.56\u20ac_49_1": 0.4, "11_*TAILLEFINE_49_1": 0.18181818181818182, "12_MURE/MY_49_1": 0.2857142857142857, "13_1.64\u20ac_49_1": 0.4, "14_SILIC_49_1": 0.0, "15_*SCE_49_1": 0.25, "16_BI_49_1": 0.0, "17_2.80\u20ac_49_1": 0.6, "18_*POTIMI_49_1": 0.42857142857142855, "19_RRON_49_1": 0.25, "20_1.95\u20ac_49_1": 0.4, "21_JAUNE_49_1": 0.2, "22_*OIGNO!_49_1": 0.42857142857142855, "23_0.280kg_49_1": 0.0, "24_1.20\u20ac/kg_49_1": 0.125, "25_x_49_1": 1.0, "26_0.34\u20ac_49_1": 0.4, "27_*CAROTIE_49_1": 0.125, "28_1.95\u20ac/kg_49_1": 0.125, "29_0.685kg_49_1": 0.0, "30_x_49_1": 1.0, "31_1.34\u20ac_49_1": 0.4, "32_*BANANE_49_1": 0.42857142857142855, "33_MONTANT_49_1": 0.14285714285714285, "34_QTE_49_1": 1.0, "35_DESCRIPTION_49_1": 0.09090909090909091, "0_BIENTOT_12_1": 0.0, "1_MERCI_12_1": 0.0, "2_DE_12_1": 0.0, "3_VOTRE_12_1": 0.0, "4_VISITE_12_1": 0.0, "5_0006_12_1": 0.5, "6_19/01/2017_12_1": 0.1, "7_002_12_1": 0.0, "8_000025_12_1": 0.0, "9_07:40:12_12_1": 0.0, "10_CB_12_1": 0.5, "11_EMV_12_1": 0.3333333333333333, "12_SANS_12_1": 0.0, "13_11.59\u20ac_12_1": 0.3333333333333333, "14_CONTACT_12_1": 0.0, "15_EUR_12_1": 0.0, "16_(S)_12_1": 1.0, "17_11.59\u20ac_12_1": 0.3333333333333333, "18_4_12_1": 1.0, "19_ARTICLE_12_1": 0.0, "20_TOTAL_12_1": 0.0, "21_A_12_1": 0.0, "22_PAYER_12_1": 0.0, "23_DEJ.FRUITS_12_1": 0.0, "24_1.83\u20ac_12_1": 0.4, "25_*PT_12_1": 0.3333333333333333, "26_RGES_12_1": 0.25, "27_*P.J.HULTIFRUITS_12_1": 0.25, "28_1.96\u20ac_12_1": 0.4, "29_1L_12_1": 1.0, "30_3x_12_1": 1.0, "31_*CHOCOLATINE_12_1": 0.0, "32_G_12_1": 1.0, "33_7.80\u20ac_12_1": 0.4, "34_X4_12_1": 0.5, "35_+_12_1": 1.0, "36_2.60_12_1": 0.0, "0_17,001_receipt_00147_0": 0.5, "1_Total_receipt_00147_0": 0.2, "2_1_receipt_00147_0": 0.0, "3_1,546_receipt_00147_0": 0.6, "4_PAJAK_receipt_00147_0": 1.2, "5_10%_receipt_00147_0": 0.6666666666666666, "6_15,455_receipt_00147_0": 0.3333333333333333, "7_Subtotal_receipt_00147_0": 1.0, "8_-2,727_receipt_00147_0": 0.8333333333333334, "9_DISC_receipt_00147_0": 1.0, "10_- 15%_receipt_00147_0": 0.8, "11_18,182_receipt_00147_0": 0.3333333333333333, "12_Subtotal_receipt_00147_0": 0.5, "13_Murni_receipt_00147_0": 0.6, "14_100%_receipt_00147_0": 0.75, "15_*Gula_receipt_00147_0": 1.0, "16_ALMOND_receipt_00147_0": 0.5, "17_18,182_receipt_00147_0": 0.6666666666666666, "18_CHOCO_receipt_00147_0": 0.8, "19_1_receipt_00147_0": 0.0, "0_MONTANT_516_0": 0.2857142857142857, "1_QTE_516_0": 1.0, "2_DESCRIPTION_516_0": 0.0, "3_Aytre._516_0": 0.16666666666666666, "4_Gargot_516_0": 0.0, "5_Nicolas_516_0": 0.0, "6_17440_516_0": 0.0, "7_Rue_516_0": 0.0, "8_12h30_516_0": 0.0, "9_Dimanche_516_0": 0.0, "10_9h_516_0": 0.5, "11_a_516_0": 0.0, "12_Lundi_516_0": 0.0, "13_9h_516_0": 0.5, "14_a_516_0": 0.0, "15_20h00_516_0": 0.0, "16_au_516_0": 0.0, "17_Samedi_516_0": 0.0, "18_de_516_0": 0.0, "19_:_516_0": 1.0, "20_0546457320_516_0": 0.0, "21_Tel_516_0": 0.0, "22_AYTRE_516_0": 0.0, "23_Carrefour_516_0": 0.0, "24_market_516_0": 0.0, "0_A_83_2": 0.0, "1_BIENTOT_83_2": 0.0, "2_MERCI_83_2": 0.0, "3_DE_83_2": 0.0, "4_VOTRE_83_2": 0.0, "5_VISITE_83_2": 0.0, "6_02/02/2017_83_2": 0.0, "7_0010_83_2": 0.0, "8_004_83_2": 0.3333333333333333, "9_000436_83_2": 0.0, "10_18:06:51_83_2": 0.0, "0_20%00_759_1": 0.2, "1_0.28_759_1": 0.0, "2_1.71_759_1": 0.75, "3_5_759_1": 0.0, "4_1.43_759_1": 0.0, "5_10.34_759_1": 0.2, "6_0.58_759_1": 0.25, "7_10.92_759_1": 0.0, "8_2_759_1": 0.0, "9_5%50_759_1": 0.25, "10_TTC_759_1": 1.0, "11_TUA_759_1": 0.3333333333333333, "12_Code_759_1": 0.0, "13_HT_759_1": 0.5, "14_Rendu_759_1": 0.0, "15_7.37_759_1": 0.5, "16_Especes_759_1": 0.0, "17_20.00_759_1": 0.0, "18_12.63_759_1": 0.0, "19_Total_759_1": 0.0, "20_6_759_1": 1.0, "21_articles_759_1": 0.0, "22_0.90_759_1": 0.5, "23_2_759_1": 1.0, "24_BOTTE_759_1": 0.0, "25_RADIS_759_1": 0.2, "26_0.94_759_1": 0.0, "27_CLEMENTINES_759_1": 0.09090909090909091, "28_FUIE_759_1": 0.0, "29_3.00_759_1": 0.0, "30_BOEUF_759_1": 0.0, "31_DE_759_1": 0.5, "32_FIN_759_1": 0.0, "33_DOUX_759_1": 0.0, "34_1.71_759_1": 1.0, "35_PLANTA_759_1": 0.0, "36_510G_759_1": 0.25, "37_ST_759_1": 1.0, "38_180G_759_1": 0.25, "39_1.94_759_1": 0.0, "40_FELICIEN,_759_1": 0.1111111111111111, "41_CHARENTE_759_1": 0.0, "42_POITOU_759_1": 0.0, "43_4.14_759_1": 0.25, "44_2_759_1": 0.0, "45_UHT_759_1": 0.0, "46_BK_759_1": 0.5, "0_1_receipt_00676_1": 0.0, "0_DESCRIPTION_40_0": 0.0, "1_QTE_40_0": 1.0, "2_MONTANT_40_0": 0.2857142857142857, "3_Tel_40_0": 0.0, "4_17000_40_0": 0.0, "5_LA_40_0": 0.0, "6_ROCHELLE_40_0": 0.0, "7_33_40_0": 0.0, "8_RUE_40_0": 0.0, "9_DE_40_0": 0.0, "10_LA_40_0": 0.0, "11_SCIERIE_40_0": 0.14285714285714285, "12_CRF-CITY_40_0": 0.0, "13_LA_40_0": 0.5, "14_ROCHELLE_40_0": 0.0, "0_21,000_receipt_00193_1": 0.16666666666666666, "1_7,000_receipt_00193_1": 0.2, "2_3_receipt_00193_1": 1.0, "3_120)_receipt_00193_1": 0.0, "4_BALL_receipt_00193_1": 0.0, "5_(KAPAS_receipt_00193_1": 0.0, "6_MEDISOFT_receipt_00193_1": 0.25, "7_COTTON_receipt_00193_1": 0.16666666666666666, "8_KAPAS_receipt_00193_1": 0.0, "9_27,500_receipt_00193_1": 0.0, "10_804100017_receipt_00193_1": 0.1111111111111111, "11_MATA)_receipt_00193_1": 0.0, "12_PENUTUP_receipt_00193_1": 0.0, "13_BABES_receipt_00193_1": 0.0, "14_53,000_receipt_00193_1": 0.0, "15_RM0003)_receipt_00193_1": 0.14285714285714285, "16_FOREST_receipt_00193_1": 0.0, "17_1000600098_receipt_00193_1": 0.1, "18_/_receipt_00193_1": 1.0, "19_3D_receipt_00193_1": 0.0, "20_ROMPER_receipt_00193_1": 0.16666666666666666, "21_MIMI_receipt_00193_1": 0.0, "22_BAJU_receipt_00193_1": 0.0, "23_50,000_receipt_00193_1": 0.3333333333333333, "24_502100007_receipt_00193_1": 0.0, "0_04/05/2017_587_1": 0.0, "1_20:30:32_587_1": 0.0, "2_0008_587_1": 0.0, "3_003_587_1": 0.0, "4_000560_587_1": 0.0, "5_BANCAIRE_587_1": 0.125, "6_EMV_587_1": 0.0, "7_EUR_587_1": 0.0, "8_11.27\u20ac_587_1": 0.3333333333333333, "9_CARTE_587_1": 0.0, "10_11.27\u20ac_587_1": 0.3333333333333333, "11_(S)_587_1": 1.0, "12_TOTAL_587_1": 0.0, "13_A_587_1": 0.0, "14_PAYER_587_1": 0.0, "15_4_587_1": 0.0, "16_ARTICLE_587_1": 0.0, "17_0.90\u20ac_587_1": 0.4, "18_ROSE_587_1": 0.0, "19_*POMELO_587_1": 0.14285714285714285, "20_2.07\u20ac_587_1": 0.4, "21_*CUISSON_587_1": 0.25, "22_15M_587_1": 0.3333333333333333, "23_*AVOCAT_587_1": 0.2857142857142857, "24_1.80\u20ac_587_1": 0.4, "25_GROS_587_1": 0.0, "26_6.50\u20ac_587_1": 0.4, "27_OMEGA_587_1": 0.2, "28_BIO_587_1": 0.3333333333333333, "29_*75CL_587_1": 0.6, "30_HUILE_587_1": 0.2, "31_QTE_587_1": 1.0, "32_MONTANT_587_1": 0.2857142857142857, "33_DESCRIPTION_587_1": 0.0, "0_A_361_2": 0.0, "1_BIENTOT_361_2": 0.0, "0_Veg(R)-TC_X51005444037_1": 0.1111111111111111, "1_CharGrill_X51005444037_1": 0.0, "2_4_X51005444037_1": 0.0, "3_1/4-H_X51005444037_1": 0.0, "4_4_X51005444037_1": 0.0, "5_1/4_X51005444037_1": 0.0, "6_71.60_X51005444037_1": 0.0, "7_S_X51005444037_1": 1.0, "8_Chic+1sd-T_X51005444037_1": 0.1, "9_@17.90_X51005444037_1": 0.16666666666666666, "10_4_X51005444037_1": 0.0, "11_4.00_X51005444037_1": 0.0, "12_S_X51005444037_1": 0.0, "13_DELIVERY_X51005444037_1": 0.0, "14_CHG_X51005444037_1": 0.0, "15_1_X51005444037_1": 0.0, "16_Mar_X51005444037_1": 0.0, "17_18_X51005444037_1": 0.0, "18_18:32:36_X51005444037_1": 0.0, "19_28_X51005444037_1": 0.0, "20_8660_X51005444037_1": 0.0, "21_Guest0_X51005444037_1": 0.0, "22_Chk_X51005444037_1": 0.0, "23_SYAFIQ_X51005444037_1": 0.0, "24_NANDOS3_X51005444037_1": 0.0, "25_2_X51005444037_1": 0.0, "26_76_X51005444037_1": 0.0, "27_4_X51005444037_1": 0.0, "28_GST_X51005444037_1": 0.0, "29_Invoice_X51005444037_1": 0.0, "30_Tax_X51005444037_1": 0.0, "31_603-6203_X51005444037_1": 0.0, "32_6355_X51005444037_1": 0.0, "33_1300-88-6555_X51005444037_1": 0.0, "34_Fax:_X51005444037_1": 0.0, "35_Tel:_X51005444037_1": 0.0, "36_Lumpur_X51005444037_1": 0.0, "37_50480_X51005444037_1": 0.0, "38_Kuala_X51005444037_1": 0.0, "39_Jln_X51005444037_1": 0.3333333333333333, "40_Kiara,_X51005444037_1": 0.0, "41_Mont_X51005444037_1": 0.0, "42_Kiara_X51005444037_1": 0.0, "43_G-13,_X51005444037_1": 0.0, "44_Floor,_X51005444037_1": 0.0, "45_Ground_X51005444037_1": 0.0, "46_No.1_X51005444037_1": 0.0, "47_Unit_X51005444037_1": 0.0, "0_ _receipt_00189_0": 2.0, "0_Kembali_receipt_00605_1": 0.14285714285714285, "1_0_receipt_00605_1": 0.0, "2_GoPay_receipt_00605_1": 0.0, "3_128.000_receipt_00605_1": 0.0, "0_-40.000%_receipt_00231_0": 0.0, "1_DISC_receipt_00231_0": 0.0, "2_ITEM_receipt_00231_0": 0.25, "3_19,500_receipt_00231_0": 0.0, "4_CENTIKPLANCI_receipt_00231_0": 0.08333333333333333, "5_@6500_receipt_00231_0": 0.2, "6_3X_receipt_00231_0": 0.5, "7_-29,200_receipt_00231_0": 0.14285714285714285, "8_AMOUNT_receipt_00231_0": 0.0, "9_-40.000%_receipt_00231_0": 0.125, "10_DISC_receipt_00231_0": 0.0, "11_ITEM_receipt_00231_0": 0.5, "12_73,000_receipt_00231_0": 0.0, "13_KUNING_receipt_00231_0": 0.0, "14_NASI_receipt_00231_0": 0.25, "15_@36500_receipt_00231_0": 0.16666666666666666, "16_2X_receipt_00231_0": 1.0, "0_ _receipt_00788_0": 5.0, "0_Votre_236_1": 0.0, "1_Monnaie_236_1": 0.0, "2_-41.10\u20ac_236_1": 0.2857142857142857, "3_ESPECES_236_1": 0.0, "4_EUR_236_1": 0.0, "5_50.00\u20ac_236_1": 0.3333333333333333, "6_(S)_236_1": 1.0, "7_8.90\u20ac_236_1": 0.4, "8_4_236_1": 0.0, "9_ARTICLE_236_1": 0.0, "10_TOTAL_236_1": 0.8, "11_PAYER_236_1": 0.0, "12_A_236_1": 0.0, "13_TOTAL_236_1": 0.0, "14_BEAUTE_236_1": 0.0, "15_/_236_1": 1.0, "16_SANTE_236_1": 0.0, "17_/_236_1": 1.0, "18_HYGIENE_236_1": 0.2857142857142857, "19_2.84\u20ac_236_1": 0.4, "20_EPGEX_236_1": 0.0, "21_SPONTEX_236_1": 0.0, "22_GRAT_236_1": 0.0, "23_2.84e_236_1": 0.4, "24_TOTAL_236_1": 0.0, "25_ALIMENTAIRE_236_1": 0.2727272727272727, "26_6.06\u20ac_236_1": 0.4, "27_*SCSSON_236_1": 0.0, "28_AIL_236_1": 0.3333333333333333, "29_SUP.CHP_236_1": 0.0, "30_1.67\u20ac_236_1": 0.4, "31_CRF_236_1": 0.0, "32_*COPPA_236_1": 0.16666666666666666, "33_100G_236_1": 0.25, "34_1.70\u20ac_236_1": 0.4, "35_*90G_236_1": 0.5, "36_JBN_236_1": 0.6666666666666666, "37_PETITE_236_1": 0.0, "38_TR_236_1": 2.0, "39_2.69\u20ac_236_1": 0.4, "0_2_receipt_00370_1": 0.0, "1_Items,_receipt_00370_1": 0.0, "2_Kembali_receipt_00370_1": 0.14285714285714285, "3_10,000_receipt_00370_1": 0.16666666666666666, "4_51,500_receipt_00370_1": 0.16666666666666666, "5_Cash_receipt_00370_1": 0.0, "6_41,500_receipt_00370_1": 1.0, "7_Total_receipt_00370_1": 0.0, "8_3,773_receipt_00370_1": 1.0, "9_P.Rest_receipt_00370_1": 0.16666666666666666, "10_10_receipt_00370_1": 0.5, "11_%_receipt_00370_1": 1.0, "0_Total_receipt_00571_1": 0.0, "1_item_receipt_00571_1": 0.0, "2_2_receipt_00571_1": 0.0, "3_Total_receipt_00571_1": 0.0, "4_:_receipt_00571_1": 1.0, "5_Qty_receipt_00571_1": 0.0, "6_2_receipt_00571_1": 1.0, "7_:_receipt_00571_1": 1.0, "8_TOTAL_receipt_00571_1": 0.0, "9_PB1_receipt_00571_1": 0.0, "10_10%_receipt_00571_1": 0.0, "11_9,240_receipt_00571_1": 0.0, "12_SC_receipt_00571_1": 1.0, "13_5%_receipt_00571_1": 0.0, "14_4,400_receipt_00571_1": 0.0, "15_SUBTOTAL_receipt_00571_1": 0.125, "16_88,000_receipt_00571_1": 0.16666666666666666, "17_1_receipt_00571_1": 2.0, "18_Chicken_receipt_00571_1": 0.0, "19_Popcorn_receipt_00571_1": 0.0, "20_29,000_receipt_00571_1": 0.16666666666666666, "21_1_receipt_00571_1": 2.0, "22_SMOKY_receipt_00571_1": 0.2, "23_PAN_receipt_00571_1": 0.0, "24_CLASSIC_receipt_00571_1": 0.0, "25_59,000_receipt_00571_1": 0.0, "0_0_768_2": 1.0, "0_MONTANT_295_0": 0.14285714285714285, "1_QTE_295_0": 1.0, "2_DESCRIPTION_295_0": 0.0, "3_:_295_0": 1.0, "4_Tel_295_0": 0.0, "5_ROCHELLE_295_0": 0.0, "6_17000_295_0": 0.0, "7_LA_295_0": 0.0, "8_SCIERIE_295_0": 0.0, "9_DE_295_0": 0.0, "10_RUE_295_0": 0.0, "11_LA_295_0": 0.0, "12_33_295_0": 0.0, "13_ROCHELLE_295_0": 0.0, "14_CRF-CITY_295_0": 0.0, "15_LA_295_0": 0.0, "0_A_531_1": 0.0, "1_BIENTOT_531_1": 0.0, "2_MERCI_531_1": 0.0, "3_DE_531_1": 0.0, "4_VOTRE_531_1": 0.0, "5_VISITE_531_1": 0.0, "6_0007_531_1": 0.0, "7_004_531_1": 0.0, "8_000080_531_1": 0.0, "9_23/06/2017_531_1": 0.0, "10_09:36:07_531_1": 0.0, "11_Monnaie_531_1": 0.0, "12_Votre_531_1": 0.0, "13_-5.90\u20ac_531_1": 0.3333333333333333, "14_ESPECES_531_1": 0.0, "15_EUR_531_1": 0.0, "16_10.18\u20ac_531_1": 0.3333333333333333, "17_1_531_1": 0.0, "18_(S)_531_1": 0.3333333333333333, "19_ARTICLE_531_1": 0.0, "20_TOTAL_531_1": 0.0, "21_A_531_1": 0.0, "22_PAYER_531_1": 0.0, "23_4.28\u20ac_531_1": 0.6, "24_*50ML_531_1": 0.4, "25_DEO_531_1": 0.3333333333333333, "26_BIL.P.SS_531_1": 0.0, "27_4.28\u20ac_531_1": 0.4, "0_:_527_0": 2.0, "1_Tel_527_0": 0.0, "2_ORLEANS_527_0": 0.0, "3_45000_527_0": 0.0, "4_1,_527_0": 1.0, "5_GRENIER_527_0": 0.0, "6_SEL_527_0": 0.0, "7_RUE_527_0": 0.0, "8_DU_527_0": 1.0, "9_A_527_0": 0.0, "10_ORLEANS_527_0": 0.0, "11_CARREFOUR_527_0": 0.0, "12_CITY_527_0": 0.0, "0_compte_594_1": 0.0, "1_fidelite._594_1": 0.0, "2_0.14\u20ac_594_1": 0.4, "3_sur_594_1": 0.0, "4_votre_594_1": 0.0, "5_Carrefour,_594_1": 0.0, "6_cumulez_594_1": 0.0, "7_fidelite_594_1": 0.0, "8_vous_594_1": 0.0, "9_programme_594_1": 0.0, "10_souscrit_594_1": 0.0, "11_avez_594_1": 0.0, "12_au_594_1": 0.0, "13_4.30\u20ac_594_1": 0.4, "14_CARTE_594_1": 0.0, "15_BANCAIRE_594_1": 0.125, "16_EMV_594_1": 0.3333333333333333, "17_EUR_594_1": 0.0, "18_ARTICLE_594_1": 0.0, "19_4.30\u20ac_594_1": 0.4, "20_(S)_594_1": 0.6666666666666666, "21_TOTAL_594_1": 0.8, "22_PAYER_594_1": 0.0, "23_3_594_1": 0.0, "24_A_594_1": 0.0, "25_0%_594_1": 0.0, "26_1.50\u20ac_594_1": 0.4, "27_*PAIN_594_1": 0.2, "28_COMPLET_594_1": 0.0, "29_P_594_1": 0.0, "30_2.01\u20ac_594_1": 0.4, "31_4TR._594_1": 0.25, "32_*JBN_594_1": 0.0, "33_PARIS_594_1": 0.0, "34_CRF_594_1": 0.0, "35_FRAICHE_594_1": 0.0, "36_EPAIS_594_1": 0.0, "37_0.79\u20ac_594_1": 0.6, "38_*CREM_594_1": 0.2, "0_LUNDI-SAMEDI_176_1": 0.08333333333333333, "1_08h-21h_176_1": 0.0, "2_000139_176_1": 0.0, "3_04/01/2017_176_1": 0.0, "4_19:27:05_176_1": 0.125, "5_0002_176_1": 0.0, "6_002_176_1": 0.0, "7_-16.40\u20ac_176_1": 0.2857142857142857, "8_Monnaie_176_1": 0.0, "9_Votre_176_1": 0.0, "10_20.00\u20ac_176_1": 0.3333333333333333, "11_EUR_176_1": 0.0, "12_ESPECES_176_1": 0.0, "13_PAYER_176_1": 0.0, "14_3.60\u20ac_176_1": 0.4, "15_TOTAL_176_1": 0.0, "16_(S)_176_1": 0.6666666666666666, "17_A_176_1": 0.0, "18_ARTICLE_176_1": 0.0, "19_1.44\u20ac_176_1": 0.4, "20_*TARTARE_176_1": 0.125, "21_PORT_176_1": 0.0, "22_AFH_176_1": 0.0, "23_6_176_1": 0.0, "24_1.08_176_1": 0.0, "25_2.16\u20ac_176_1": 0.4, "26_2x_176_1": 1.0, "27_CRISTALINE_176_1": 0.0, "28_X6_176_1": 0.5, "29_*EAU_176_1": 0.5, "0_RACINE_715_3": 0.0, "1_FRAICHE_715_3": 0.0, "2_GINGEMBRE_715_3": 0.0, "3_3,77_715_3": 1.0, "4_0,785kg_715_3": 0.0, "5_4,80\u20ac/kg_715_3": 0.375, "6_X_715_3": 0.0, "7_1/2_715_3": 0.0, "8_RIZ_715_3": 0.0, "9_BASM_715_3": 0.0, "10_COMPL_715_3": 0.2, "11_VRAC_715_3": 0.0, "12_0,685kg_715_3": 0.0, "13_3,20\u20ac/kg_715_3": 0.0, "14_2,19_715_3": 1.0, "15_POMME_715_3": 0.0, "16_1_715_3": 2.0, "17_2,35\u20ac_715_3": 0.4, "18_2,35_715_3": 0.5, "19_FLOCONS_715_3": 0.0, "20_MILLET_715_3": 0.0, "21_POCHE_715_3": 0.0, "22_3,00\u20ac_715_3": 0.4, "23_3,00_715_3": 0.0, "24_1_715_3": 0.0, "25_DE_715_3": 0.0, "26_FLOCONS_715_3": 0.0, "27_SARRASIN_715_3": 0.125, "28_POCHE_715_3": 0.0, "29_X_715_3": 0.0, "30_4,05\u20ac_715_3": 0.4, "31_4,05_715_3": 0.0, "32_1_715_3": 0.0, "33_OEUF*10_715_3": 0.14285714285714285, "34_CALI53_715_3": 0.3333333333333333, "35_63_715_3": 0.0, "36_1,45\u20ac_715_3": 0.4, "37_PASSATA_715_3": 0.0, "38_BJP_715_3": 0.0, "39_680GR_715_3": 0.0, "40_3,90\u20ac_715_3": 0.4, "41_3,90_715_3": 0.25, "42_1_715_3": 0.0, "43_X_715_3": 0.0, "44_GOURDE_715_3": 0.0, "45_POMME_715_3": 0.0, "46_POIRE_715_3": 0.0, "47_X6_715_3": 0.5, "0_ _receipt_00702_0": 3.0, "0_Change:_receipt_00741_1": 0.2857142857142857, "1_2.000_receipt_00741_1": 0.0, "2_Tendered:_receipt_00741_1": 0.0, "3_55.000_receipt_00741_1": 0.16666666666666666, "4_Cash_receipt_00741_1": 0.0, "5_Total._receipt_00741_1": 0.0, "6_53.000_receipt_00741_1": 0.16666666666666666, "7_Total_receipt_00741_1": 0.2, "8_Item:_receipt_00741_1": 0.4, "9_3_receipt_00741_1": 1.0, "10_0_receipt_00741_1": 2.0, "11_0_receipt_00741_1": 1.0, "12_x1_receipt_00741_1": 1.0, "13_Bag_receipt_00741_1": 0.0, "14_6001-Plastic_receipt_00741_1": 0.0, "15_Small_receipt_00741_1": 0.4, "16_39.000_receipt_00741_1": 0.16666666666666666, "17_39.000_receipt_00741_1": 0.0, "18_x1_receipt_00741_1": 1.0, "19_1009-Honey_receipt_00741_1": 0.2, "20_Pistachio_receipt_00741_1": 0.2222222222222222, "21_14.000_receipt_00741_1": 0.0, "22_14.000_receipt_00741_1": 0.16666666666666666, "23_x1_receipt_00741_1": 1.0, "0_VISA_receipt_00718_1": 0.75, "1_TOTAL_receipt_00718_1": 0.0, "0_ _receipt_00042_0": 3.0, "0_ _receipt_00667_0": 3.0, "0_operation_228_4": 0.0, "1_par_228_4": 0.0, "2_Vignette(s)_228_4": 0.0, "3_cumule_228_4": 0.0, "4_5.0_228_4": 0.0, "5_avez_228_4": 0.0, "6_Bravo_228_4": 0.2, "7_vous_228_4": 0.0, "8_bientot_228_4": 0.14285714285714285, "9_A_228_4": 1.0, "0_17/06/2017_358_1": 0.0, "1_19:33:21_358_1": 0.0, "2_004_358_1": 0.0, "3_000355_358_1": 0.0, "4_0009_358_1": 0.25, "5_17.48\u20ac_358_1": 0.3333333333333333, "6_EUR_358_1": 0.0, "7_SANS_358_1": 0.0, "8_CONTACT_358_1": 0.0, "9_CB_358_1": 0.5, "10_EMV_358_1": 0.3333333333333333, "11_(S)_358_1": 1.0, "12_TOTAL_358_1": 0.0, "13_A_358_1": 1.0, "14_PAYER_358_1": 0.0, "15_17.48\u20ac_358_1": 0.3333333333333333, "16_4.52\u20ac_358_1": 0.4, "17_M.SUBITE_358_1": 0.25, "18_KRIEK_358_1": 0.0, "19_*X4_358_1": 0.6666666666666666, "20_4.40\u20ac_358_1": 0.4, "21_2.20_358_1": 0.0, "22_JAUNE_358_1": 0.0, "23_BQ_358_1": 0.5, "24_250G_358_1": 0.25, "25_2x_358_1": 1.0, "26_*TOMATE_358_1": 0.2857142857142857, "27_3.43\u20ac_358_1": 0.8, "28_SCHOKOBONS_358_1": 0.0, "29_*KINDER_358_1": 0.14285714285714285, "30_2.48\u20ac_358_1": 0.4, "31_*CHIPS_358_1": 0.16666666666666666, "32_PESTO_358_1": 0.2, "33_PARNES_358_1": 0.16666666666666666, "34_0.84\u20ac_358_1": 0.4, "35_*BAGUETTE_358_1": 0.1111111111111111, "36_250G_358_1": 0.25, "37_1.81\u20ac_358_1": 0.4, "38_TZATZIKI_358_1": 0.125, "39_CRF_358_1": 0.3333333333333333, "40_*200G_358_1": 0.2, "0_25.000_receipt_00614_0": 0.0, "1_Lemon_receipt_00614_0": 0.0, "2_1_receipt_00614_0": 1.0, "3_iced_receipt_00614_0": 0.25, "4_tea_receipt_00614_0": 0.0, "0_A_114_1": 0.0, "1_BIENTOT_114_1": 0.0, "2_MERCI_114_1": 0.0, "3_DE_114_1": 0.0, "4_VOTRE_114_1": 0.0, "5_VISITE_114_1": 0.0, "6_0001_114_1": 0.75, "7_003_114_1": 0.0, "8_000207_114_1": 0.0, "9_24/10/2016_114_1": 0.0, "10_12:01:05_114_1": 0.0, "11_CARTE_114_1": 0.0, "12_BANCAIRE_114_1": 0.0, "13_EMV_114_1": 0.3333333333333333, "14_EUR_114_1": 0.0, "15_7.46\u20ac_114_1": 0.4, "16_AITICLE_114_1": 0.14285714285714285, "17_2_114_1": 0.0, "18_(S)_114_1": 0.3333333333333333, "19_TOTAL_114_1": 0.0, "20_A_114_1": 0.0, "21_PAYER_114_1": 0.0, "22_7.46\u20ac_114_1": 0.4, "23_0.620kg_114_1": 0.0, "24_x_114_1": 2.0, "25_2.50\u20ac/kg_114_1": 0.125, "26_POMME_114_1": 0.2, "27_GOLDEN_114_1": 0.0, "28_GROSSE_114_1": 0.0, "29_1.55\u20ac_114_1": 0.4, "30_3356_114_1": 0.0, "31_(OFFRET_114_1": 0.14285714285714285, "32_REPAS_114_1": 0.0, "33_5.91\u20ac_114_1": 0.4, "0_BIENTOT_284_2": 0.0, "1_MERCI_284_2": 0.0, "2_DE_284_2": 0.0, "3_VOTRE_284_2": 0.0, "4_VISITE_284_2": 0.0, "0_9.000_receipt_00084_1": 0.2, "1_Bayar_receipt_00084_1": 0.0, "2_40.000_receipt_00084_1": 0.0, "0_1_receipt_00086_0": 0.0, "1_BUNCIS_receipt_00086_0": 0.0, "2_TE_receipt_00086_0": 0.0, "3_20.000_receipt_00086_0": 0.0, "4_MUDA_receipt_00086_0": 0.0, "0_DESCRIPTION_563_0": 0.0, "1_MONTANT_563_0": 0.2857142857142857, "2_QTE_563_0": 0.0, "3_Bienvenue_563_0": 0.0, "4_chez_563_0": 0.0, "5_Carrefour_563_0": 0.0, "6_Market_563_0": 0.0, "7_Dimanche_563_0": 0.0, "8_9H00_563_0": 0.75, "9_a_563_0": 0.0, "10_12H30_563_0": 0.0, "11_Lundi_563_0": 0.0, "12_au_563_0": 0.0, "13_Samedi_563_0": 0.0, "14_de_563_0": 0.0, "15_8H30_563_0": 0.0, "16_a_563_0": 0.0, "17_19H30_563_0": 0.0, "18_Tel_563_0": 0.0, "19_88_563_0": 0.0, "20_04_563_0": 0.0, "21_66_563_0": 0.0, "22_98_563_0": 0.0, "23_98_563_0": 0.0, "24_VAUVERT_563_0": 0.0, "0_1x_receipt_00051_0": 0.5, "1_12.000_receipt_00051_0": 0.16666666666666666, "2_12.000_receipt_00051_0": 0.0, "3_Chocolate_receipt_00051_0": 0.0, "4_Twist_receipt_00051_0": 0.0, "5_1x_receipt_00051_0": 1.5, "6_18.000_receipt_00051_0": 0.0, "7_18.000_receipt_00051_0": 0.0, "8_Ice_receipt_00051_0": 0.6666666666666666, "9_Kopi_receipt_00051_0": 0.0, "10_Susu_receipt_00051_0": 0.0, "11_Sudirman_receipt_00051_0": 0.0, "0_1_receipt_00286_1": 2.0, "1_TOTAI_receipt_00286_1": 1.0, "2_QTY_receipt_00286_1": 1.0, "3_14,000_receipt_00286_1": 0.5, "4_BCA:_receipt_00286_1": 0.75, "5_14,000_receipt_00286_1": 0.8333333333333334, "6_DUE_receipt_00286_1": 1.3333333333333333, "7_14.000_receipt_00286_1": 1.0, "8_SUBTOTAL_receipt_00286_1": 0.75, "9_14,000_receipt_00286_1": 0.3333333333333333, "10_1_receipt_00286_1": 2.0, "11_Hokkaido_receipt_00286_1": 1.0, "0_*Goods_X51005361895_1": 0.16666666666666666, "1_sold_X51005361895_1": 0.0, "2_are_X51005361895_1": 0.0, "3_returnable_X51005361895_1": 0.0, "4_not_X51005361895_1": 0.0, "5_SR_X51005361895_1": 0.0, "6_8.49_X51005361895_1": 0.75, "7_0.51_X51005361895_1": 0.25, "8_Summary_X51005361895_1": 0.0, "9_GST_X51005361895_1": 0.0, "10_Amount_X51005361895_1": 0.0, "11_Tax_X51005361895_1": 0.0, "12_Change_X51005361895_1": 0.0, "13_41.00_X51005361895_1": 0.0, "14_Cash_X51005361895_1": 0.0, "15_50.00_X51005361895_1": 0.0, "16_Customer's_X51005361895_1": 0.0, "17_Payment_X51005361895_1": 0.0, "18_Total_X51005361895_1": 0.0, "19_Includes_X51005361895_1": 0.0, "20_GST_X51005361895_1": 0.0, "21_6%_X51005361895_1": 0.0, "22_9.00_X51005361895_1": 0.0, "23_Qty:_X51005361895_1": 0.25, "24_*Total_X51005361895_1": 0.16666666666666666, "25_1.00_X51005361895_1": 0.0, "26_9.00_X51005361895_1": 0.0, "27_GST_X51005361895_1": 0.0, "28_6%_X51005361895_1": 0.0, "29_0.51_X51005361895_1": 0.0, "30_+_X51005361895_1": 0.0, "31_1_X51005361895_1": 0.0, "32_8.49_X51005361895_1": 0.0, "33_9.00_X51005361895_1": 0.0, "34_KOTAI_X51005361895_1": 0.2, "35_8.49_X51005361895_1": 0.0, "36_SR_X51005361895_1": 0.0, "37_013_X51005361895_1": 0.0, "38_SUMMER_X51005361895_1": 0.0, "39_48X230ML_X51005361895_1": 0.0, "40_CUP_X51005361895_1": 0.0, "41_Qty_X51005361895_1": 0.0, "42_U.Price_X51005361895_1": 0.0, "43_UOM_X51005361895_1": 1.0, "44_Amt_X51005361895_1": 0.0, "45_Amt_X51005361895_1": 0.0, "46_Tax_X51005361895_1": 0.0, "47_Code_X51005361895_1": 0.0, "0_26,000_receipt_00215_1": 0.5, "1_Changing_receipt_00215_1": 0.125, "2_100,000_receipt_00215_1": 0.0, "3_Apply_receipt_00215_1": 0.2, "4_Amount_receipt_00215_1": 0.16666666666666666, "5_74,000_receipt_00215_1": 0.16666666666666666, "6_Total_receipt_00215_1": 0.2, "7_6,727_receipt_00215_1": 0.2, "8_10%_receipt_00215_1": 0.3333333333333333, "9_RESTORAN_receipt_00215_1": 0.125, "10_PAJAK_receipt_00215_1": 0.2, "11_67,273_receipt_00215_1": 0.16666666666666666, "12_Total_receipt_00215_1": 0.2, "13_Sub_receipt_00215_1": 0.3333333333333333, "14_909_receipt_00215_1": 0.0, "15_1_receipt_00215_1": 2.0, "16_909_receipt_00215_1": 0.6666666666666666, "17_AWAY_receipt_00215_1": 0.5, "18_TAKE_receipt_00215_1": 0.25, "19_40,909_receipt_00215_1": 0.3333333333333333, "20_2_receipt_00215_1": 0.0, "21_20,455_receipt_00215_1": 0.16666666666666666, "22_CHEESE_receipt_00215_1": 0.0, "23_B_receipt_00215_1": 0.0, "24_25,455_receipt_00215_1": 0.0, "25_25,455_receipt_00215_1": 0.3333333333333333, "26_1_receipt_00215_1": 1.0, "27_A_receipt_00215_1": 2.0, "28_CK.MANTAP_receipt_00215_1": 1.0, "0_ARTICLE(S)_567_1": 0.0, "1_TOTAL_567_1": 0.0, "2_A_567_1": 0.0, "3_PAYER_567_1": 0.0, "4_3_567_1": 0.0, "5_7.35\u20ac_567_1": 0.4, "6_-1.67\u20ac_567_1": 0.3333333333333333, "7_TOIAL_567_1": 0.2, "8_DES_567_1": 0.0, "9_AVANTAGES_567_1": 0.2222222222222222, "10_DU_567_1": 1.0, "11_JOUR_567_1": 0.75, "12_-1.67\u20ac_567_1": 0.3333333333333333, "13_REMISES_567_1": 0.0, "14_IMMEDIATES_567_1": 0.4, "15_TOTAL_567_1": 0.0, "16_ARTICLE(S)_567_1": 0.0, "17_TOTAL_567_1": 0.0, "18_RENISES_567_1": 0.0, "19_9.02\u20ac_567_1": 0.4, "20_3_567_1": 0.0, "21_AVANT_567_1": 0.2, "22_7.35\u20ac_567_1": 0.4, "23_ALIMENTAIRE_567_1": 0.2727272727272727, "24_TOTAL_567_1": 0.6, "25_REMISE_567_1": 0.0, "26_-1.67\u20ac_567_1": 0.3333333333333333, "27_5.55\u20ac_567_1": 0.4, "28_EPICEA_567_1": 0.16666666666666666, "29_COUPE_567_1": 0.0, "30_0.895kg_567_1": 0.0, "31_1.89\u20ac/kg_567_1": 0.375, "32_x_567_1": 0.0, "33_1.69\u20ac_567_1": 0.4, "34_*BANANES_567_1": 0.0, "35_CROISSANTS_567_1": 0.0, "36_400G_567_1": 0.25, "37_CR_567_1": 0.0, "38_1.78\u20ac_567_1": 0.4, "0_42,000_receipt_00214_1": 1.0, "1_CHANGE_receipt_00214_1": 0.0, "2_100,000_receipt_00214_1": 0.7142857142857143, "3_CASH_receipt_00214_1": 0.0, "4_58,000_receipt_00214_1": 0.3333333333333333, "5_TOTAL_receipt_00214_1": 0.0, "6_2.00_receipt_00214_1": 0.5, "7_ITEMS_receipt_00214_1": 0.0, "8_-300_receipt_00214_1": 0.75, "9_DISC_receipt_00214_1": 1.0, "10_5,300_receipt_00214_1": 0.6, "11_TAX_receipt_00214_1": 1.0, "12_10%_receipt_00214_1": 0.6666666666666666, "0_TAX_X51005447850_0": 0.0, "1_15:41:52_X51005447850_0": 0.0, "2_04/03/2018_X51005447850_0": 0.0, "3_GST_X51005447850_0": 0.0, "4_No._X51005447850_0": 0.3333333333333333, "5_016-5498845,_X51005447850_0": 0.08333333333333333, "6_MEDAN_X51005447850_0": 0.0, "7_NIAGA_X51005447850_0": 0.0, "8_TASIK_X51005447850_0": 0.0, "9_DAMAI_X51005447850_0": 0.2, "10_4,_X51005447850_0": 0.5, "11_JALAN_X51005447850_0": 0.0, "12_TASIK_X51005447850_0": 0.0, "13_UTAMA_X51005447850_0": 0.0, "14_NO_X51005447850_0": 0.0, "15_19-G&_X51005447850_0": 0.0, "16_19-1&_X51005447850_0": 0.2, "17_19-2_X51005447850_0": 0.0, "18_(124525-H)_X51005447850_0": 0.2, "19_BR_X51005447850_0": 0.0, "20_No.:_X51005447850_0": 0.25, "21_SDN_X51005447850_0": 0.0, "22_BHD_X51005447850_0": 0.0, "23_BORONG_X51005447850_0": 0.0, "24_PINTAR_X51005447850_0": 0.0, "0_BIENTOT_306_1": 0.0, "1_MERCI_306_1": 0.0, "2_DE_306_1": 0.0, "3_VOTRE_306_1": 0.0, "4_VISITE_306_1": 0.0, "5_003_306_1": 0.0, "6_000028_306_1": 0.0, "7_27/02/2017_306_1": 0.1, "8_11:54:15_306_1": 0.0, "9_RI:TICLE(S)_306_1": 0.09090909090909091, "10_2_306_1": 0.0, "11_TOTAL_306_1": 0.0, "12_PAYER_306_1": 0.0, "13_A_306_1": 1.0, "14_5.91\u20ac_306_1": 0.4, "15_*SALADE_306_1": 0.42857142857142855, "16_VENEZIA_306_1": 0.14285714285714285, "17_1.23\u20ac_306_1": 0.4, "18_*DESS._306_1": 0.16666666666666666, "19_POM/PEC/_306_1": 0.125, "20_RTS_306_1": 0.0, "21_1.68\u20ac_306_1": 0.4, "0_juin_681_2": 0.0, "1_T=00G_681_2": 0.2, "2_ven._681_2": 0.0, "3_02_681_2": 0.0, "4_2017_681_2": 0.0, "5_12:39_681_2": 0.0, "6_ticket_681_2": 0.0, "7_speciale_681_2": 0.25, "8_au_681_2": 1.0, "9_dos_681_2": 0.0, "10_de_681_2": 0.0, "11_ce_681_2": 0.5, "12_Offre_681_2": 0.0, "13_Burger_681_2": 0.0, "14_chez_681_2": 0.0, "15_King_681_2": 0.25, "16_bientot_681_2": 0.2857142857142857, "17_visite_681_2": 0.0, "18_Merci_681_2": 0.6, "19_de_681_2": 0.0, "20_votre_681_2": 0.0, "21_COMMANDE_681_2": 0.125, "22_BORNE_681_2": 0.0, "23_<<<_681_2": 0.0, "24_>>>_681_2": 0.0, "25_MONNAIE_681_2": 0.2857142857142857, "26_0.00_681_2": 0.0, "0_ITEM_receipt_00118_1": 0.0, "1_QTY_receipt_00118_1": 1.0, "2_2_receipt_00118_1": 0.0, "3_PCS_receipt_00118_1": 0.0, "4_2_receipt_00118_1": 1.0, "5_TOTAL_receipt_00118_1": 0.0, "6_CASH_receipt_00118_1": 0.0, "7_50,000_receipt_00118_1": 0.0, "8_DUE_receipt_00118_1": 0.0, "9_28,000_receipt_00118_1": 0.0, "10_SUBTOTAL_receipt_00118_1": 0.0, "11_1_receipt_00118_1": 0.0, "12_BCT_receipt_00118_1": 0.0, "13_15,000_receipt_00118_1": 0.0, "14_Pdg_receipt_00118_1": 0.0, "15_Madness_receipt_00118_1": 0.0, "16_1_receipt_00118_1": 2.0, "17_13,000_receipt_00118_1": 0.0, "0_CASH_receipt_00113_1": 0.0, "1_ICED_receipt_00113_1": 0.0, "2_CM_receipt_00113_1": 0.5, "3_22,000_receipt_00113_1": 0.0, "0_20/01/17_722_0": 0.0, "1_20:30_722_0": 0.0, "2_16_722_0": 0.0, "3_277200_722_0": 0.16666666666666666, "4_122_722_0": 1.0, "5_FG_722_0": 0.5, "6_Operateur_722_0": 0.0, "7_Heure_722_0": 0.0, "8_Ticket_722_0": 0.0, "9_Date_722_0": 0.0, "10_TPU_722_0": 0.6666666666666666, "11_:_722_0": 1.0, "12_93_722_0": 1.0, "13_32_722_0": 1.0, "14_70_722_0": 1.0, "15_Tel_722_0": 0.3333333333333333, "16_05_722_0": 0.5, "17_46_722_0": 1.0, "18_Saintes_722_0": 0.0, "19_17102_722_0": 0.0, "20_Leclerc_722_0": 0.14285714285714285, "21_/_722_0": 1.0, "22_BP_722_0": 0.0, "23_56_722_0": 1.0, "24_Cours_722_0": 0.0, "25_Marechal_722_0": 0.125, "26_Saintes_722_0": 0.0, "27_Coop_722_0": 0.25, "28_Atlantique_722_0": 0.0, "0_ _receipt_00393_0": 1.0, "0_votre_736_1": 0.0, "1_revoir_736_1": 0.0, "2_Merci_736_1": 0.0, "3_de_736_1": 0.0, "4_visite_736_1": 0.0, "5_au_736_1": 0.0, "6_@areas.com_736_1": 0.2, "7_serviceclient_736_1": 0.07692307692307693, "8_part_736_1": 0.0, "9_Faites-nous_736_1": 0.09090909090909091, "10_remarques_736_1": 0.3333333333333333, "11_de_736_1": 0.0, "12_vos_736_1": 0.0, "13_a_736_1": 1.0, "14_expr_736_1": 0.0, "15_Montants_736_1": 0.0, "16_euros_736_1": 0.0, "17_mes_736_1": 0.0, "18_en_736_1": 0.5, "19_20-CAISSE_736_1": 0.2222222222222222, "20_5-NOTE_736_1": 0.0, "21_000138/1_736_1": 0.125, "22_Cle_736_1": 0.0, "23_20-Serv.:_736_1": 0.3333333333333333, "24_EMPORTER)_736_1": 0.0, "25_LUNDI_736_1": 0.0, "26_26-12-2016_736_1": 0.1, "27_11:50:37_736_1": 0.125, "28_(A_736_1": 2.0, "29_PASSAGE_736_1": 0.0, "30_)_736_1": 0.0, "31_BLEUE_736_1": 0.0, "32_6.90_736_1": 0.0, "33_CARTE_736_1": 0.0, "34_Z._736_1": 1.0, "35_0.49_736_1": 0.0, "36_2.46_736_1": 0.0, "37_2.95_736_1": 0.0, "38_TUA_736_1": 0.3333333333333333, "39_20.00_736_1": 0.0, "40_3.74_736_1": 0.25, "41_0.21_736_1": 0.0, "42_3.95_736_1": 0.0, "43_TVA_736_1": 0.6666666666666666, "44_5.50%_736_1": 0.2, "45_TTC_736_1": 0.0, "46_TUA_736_1": 0.6666666666666666, "47_HT_736_1": 0.0, "0_30.000_receipt_00662_0": 0.3333333333333333, "1_1_receipt_00662_0": 2.0, "2_Combo_receipt_00662_0": 0.0, "3_2_receipt_00662_0": 0.0, "0_MONTANT_415_0": 0.0, "1_QTE_415_0": 1.0, "2_DESCRIPTION_415_0": 0.18181818181818182, "3_:_415_0": 1.0, "4_Tel_415_0": 0.0, "5_ROCHELLE_415_0": 0.0, "6_17000_415_0": 0.0, "7_LA_415_0": 0.5, "8_SCIERIE_415_0": 0.0, "9_LA_415_0": 0.0, "10_RUE_415_0": 0.0, "11_DE_415_0": 0.0, "12_33_415_0": 0.0, "13_ROCHELLE_415_0": 0.0, "14_LA_415_0": 0.0, "15_CRF-CITY_415_0": 0.0, "0_08/04/2017_423_1": 0.0, "1_0007_423_1": 0.0, "2_002_423_1": 0.0, "3_000422_423_1": 0.0, "4_19:21:26_423_1": 0.0, "5_CONTACT_423_1": 0.0, "6_EUR_423_1": 0.0, "7_10.83\u20ac_423_1": 0.3333333333333333, "8_SANS_423_1": 0.0, "9_CB_423_1": 0.5, "10_EMV_423_1": 0.3333333333333333, "11_TOTAL_423_1": 0.0, "12_10.83\u20ac_423_1": 0.3333333333333333, "13_PAYER_423_1": 0.0, "14_ARTICLE_423_1": 0.0, "15_(S)_423_1": 0.6666666666666666, "16_A_423_1": 0.0, "17_5_423_1": 1.0, "18_4.52e_423_1": 0.4, "19_*X4_423_1": 0.6666666666666666, "20_H.SUBITE_423_1": 0.0, "21_BLC_423_1": 0.3333333333333333, "22_0.99\u20ac_423_1": 0.4, "23_*TOMATE_423_1": 0.2857142857142857, "24_CERISES_423_1": 0.0, "25_0.84\u20ac_423_1": 0.4, "26_*BAGUETTE_423_1": 0.1111111111111111, "27_250G_423_1": 0.25, "28_2.67\u20ac_423_1": 0.4, "29_BROWNIE_423_1": 0.14285714285714285, "30_TT_423_1": 1.0, "31_CH_423_1": 0.5, "32_*2406_423_1": 0.4, "33_1.81\u20ac_423_1": 0.4, "34_*200G_423_1": 0.6, "35_TZATZIKI_423_1": 0.125, "36_CRF_423_1": 0.0, "0_QTE_472_0": 0.3333333333333333, "1_MONTANT_472_0": 0.14285714285714285, "2_DESCRIPTION_472_0": 0.0, "3_Gargot_472_0": 0.0, "4_Aytre._472_0": 0.3333333333333333, "5_Nicolas_472_0": 0.0, "6_Rue_472_0": 0.0, "7_17440_472_0": 0.0, "8_Dimanche_472_0": 0.0, "9_9h_472_0": 0.5, "10_a_472_0": 0.0, "11_12h30_472_0": 0.0, "12_20h00_472_0": 0.0, "13_Lundi_472_0": 0.0, "14_au_472_0": 0.0, "15_Samedi_472_0": 0.0, "16_de_472_0": 0.0, "17_9h_472_0": 0.5, "18_a_472_0": 0.0, "19_Tel_472_0": 0.0, "20_0546457320_472_0": 0.0, "21_market_472_0": 0.0, "22_Carrefour_472_0": 0.0, "23_AYTRE_472_0": 0.0, "0_0_receipt_00225_1": 0.0, "1_CHANGE_receipt_00225_1": 0.0, "2_DUE_receipt_00225_1": 0.0, "3_17,000_receipt_00225_1": 0.0, "4_FLAZZ_receipt_00225_1": 0.0, "5_1038_receipt_00225_1": 0.0, "6_17,000_receipt_00225_1": 0.16666666666666666, "7_GRAND TOTAL_receipt_00225_1": 0.0, "8_17,000_receipt_00225_1": 0.0, "9_SUB_receipt_00225_1": 0.6666666666666666, "10_TOTAL_receipt_00225_1": 0.0, "0_remercie_501_1": 0.0, "1_de_501_1": 0.0, "2_votre_501_1": 0.0, "3_visite_501_1": 0.0, "4_Vous_501_1": 0.0, "5_CARREFOUR_501_1": 0.0, "6_MARKET_501_1": 0.0, "7_AYTRE_501_1": 0.0, "8_000029_501_1": 0.0, "9_30/12/1916_501_1": 0.0, "10_09:39:37_501_1": 0.0, "11_0101_501_1": 0.0, "12_002_501_1": 0.0, "13_SANS_501_1": 0.0, "14_CONTACT_501_1": 0.0, "15_EUR_501_1": 0.0, "16_11.73\u20ac_501_1": 0.3333333333333333, "17_CB_501_1": 0.5, "18_EMV_501_1": 0.0, "19_ARTICLE_501_1": 0.0, "20_(S)_501_1": 0.6666666666666666, "21_2_501_1": 0.0, "22_TOTAL_501_1": 0.8, "23_A_501_1": 0.0, "24_PAYER_501_1": 0.0, "25_11.73\u20ac_501_1": 0.3333333333333333, "26_TOTAL_501_1": 0.0, "27_ALIMENTAIRE_501_1": 0.2727272727272727, "28_11.73\u20ac_501_1": 0.3333333333333333, "29_GUIGNETTE_501_1": 0.0, "30_VERTE_501_1": 0.2, "31_8.20\u20ac_501_1": 0.6, "32_3.53\u20ac_501_1": 1.0, "33_GAT.CHARENTAIS_501_1": 0.07142857142857142, "0_1.92\u20ac_388_1": 0.4, "1_*PHILADELPHIA_388_1": 0.07692307692307693, "2_NATUR_388_1": 0.0, "3_0.62\u20ac_388_1": 0.4, "4_PERRIER_388_1": 0.0, "5_NEW_388_1": 0.3333333333333333, "6_*PET_388_1": 0.25, "7_1L_388_1": 0.5, "8_2.16\u20ac_388_1": 0.4, "9_0.72_388_1": 0.0, "10_3x_388_1": 0.5, "11_*PATE_388_1": 0.2, "12_FEUILL.ROULEE_388_1": 0.07692307692307693, "13_2.21\u20ac_388_1": 0.0, "14_BIO_388_1": 0.0, "15_X6_388_1": 0.5, "16_RDF_388_1": 0.0, "17_*OEUFS_388_1": 0.16666666666666666, "18_0.82\u20ac_388_1": 0.4, "19_*HOZZARELLA_388_1": 0.0, "20_CRF_388_1": 0.0, "21_1.05\u20ac_388_1": 0.4, "22_1/2E.BIO_388_1": 0.25, "23_1L_388_1": 1.0, "24_*LT_388_1": 1.0, "25_CRF_388_1": 0.0, "26_*JUS_388_1": 0.0, "27_1.76\u20ac_388_1": 0.4, "28_DE_388_1": 0.0, "29_CITRON_388_1": 0.0, "30_BIO_388_1": 0.0, "31_1.54\u20ac_388_1": 0.4, "32_RAPE_388_1": 0.0, "33_CRF_388_1": 0.0, "34_*EMMENTAL_388_1": 0.3333333333333333, "35_3.94\u20ac_388_1": 0.4, "36_DAUPH.RDF_388_1": 0.0, "37_*CERNEAUX_388_1": 0.0, "38_5.10\u20ac_388_1": 0.4, "39_2x_388_1": 1.0, "40_2.55_388_1": 0.0, "41_BI_388_1": 0.5, "42_*BUCHE_388_1": 0.16666666666666666, "43_DE_388_1": 0.0, "44_CHEVRE_388_1": 0.16666666666666666, "45_1.50\u20ac_388_1": 0.4, "46_MENTHE_388_1": 0.16666666666666666, "47_FR_388_1": 0.0, "48_*BQ_388_1": 0.6666666666666666, "49_20G_388_1": 0.3333333333333333, "50_1.88\u20ac_388_1": 0.4, "51_NEW_388_1": 0.0, "52_*1.5L_388_1": 0.2, "53_SCHWEPPES_388_1": 0.1111111111111111, "54_0.79\u20ac_388_1": 0.4, "55_*1,5L_388_1": 0.4, "56_LIMONADE_388_1": 0.25, "57_CRF_388_1": 0.0, "58_MONTANT_388_1": 0.14285714285714285, "59_QTE_388_1": 0.3333333333333333, "60_DESCRIPTION_388_1": 0.0, "0_ _receipt_00494_0": 4.0, "0_22,727_receipt_00144_0": 0.5, "1_Sub_receipt_00144_0": 0.0, "2_Total_receipt_00144_0": 0.0, "3_15.909_receipt_00144_0": 0.0, "4_Chicken_receipt_00144_0": 0.0, "5_OR_receipt_00144_0": 1.5, "6_1pc_receipt_00144_0": 1.0, "7_1_receipt_00144_0": 0.0, "8_Organik_receipt_00144_0": 0.0, "9_6.818_receipt_00144_0": 0.2, "10_Rice_receipt_00144_0": 0.0, "11_1_receipt_00144_0": 1.0, "0_ _receipt_00330_0": 4.0, "0_THANK_X51005365187_2": 0.0, "1_YOU._X51005365187_2": 1.0, "2_EXCHANGABLE,_X51005365187_2": 0.0, "3_RETURNABLE_X51005365187_2": 0.0, "4_GOODS_X51005365187_2": 0.0, "5_SOLD_X51005365187_2": 0.0, "6_ARE_X51005365187_2": 0.0, "7_NOT_X51005365187_2": 0.0, "8_&_X51005365187_2": 0.0, "9_:_X51005365187_2": 1.0, "10_30.68_X51005365187_2": 0.0, "11_1.22_X51005365187_2": 0.0, "12_Total_X51005365187_2": 0.0, "13_ZRL_X51005365187_2": 0.3333333333333333, "14_10_X51005365187_2": 0.5, "15_30_X51005365187_2": 0.0, "16_0.00_X51005365187_2": 1.0, "17_1.22_X51005365187_2": 0.0, "18_SR_X51005365187_2": 0.0, "19_20_X51005365187_2": 0.0, "20_38_X51005365187_2": 0.5, "21_(RM)_X51005365187_2": 0.0, "22_Tax_X51005365187_2": 0.0, "23_(RM)_X51005365187_2": 0.0, "24_Tax_X51005365187_2": 0.0, "25_Code_X51005365187_2": 0.0, "26_Amt_X51005365187_2": 0.0, "27_SUMMARY_X51005365187_2": 0.0, "28_GST_X51005365187_2": 0.0, "29_:_X51005365187_2": 1.0, "30_Change_X51005365187_2": 0.0, "31_18.10_X51005365187_2": 0.0, "32_CASH_X51005365187_2": 0.0, "33_50.00_X51005365187_2": 0.0, "34_(Inclusive_X51005365187_2": 0.1, "35_GST)_X51005365187_2": 0.0, "36_31.90_X51005365187_2": 0.0, "37_Total_X51005365187_2": 0.0, "38_Sales_X51005365187_2": 0.0, "39_of_X51005365187_2": 0.5, "40_Rounding_X51005365187_2": 0.0, "41_0.00_X51005365187_2": 0.0, "0_0.00_X51005268200_1": 0.0, "1_DISC_X51005268200_1": 0.0, "2_(GSr)_X51005268200_1": 0.4, "3_SUB-TOTAL_X51005268200_1": 0.0, "4_15.00_X51005268200_1": 0.0, "5_1_X51005268200_1": 0.0, "6_.JTAL_X51005268200_1": 0.4, "7_QUANTITY_X51005268200_1": 0.0, "8_???_X51005268200_1": 1.0, "9_FILM_X51005268200_1": 0.25, "10_STRETCH_X51005268200_1": 0.14285714285714285, "11_BIG_X51005268200_1": 0.0, "12_500MM_X51005268200_1": 1.0, "13_1.6KG_X51005268200_1": 0.2, "14_X_X51005268200_1": 0.0, "15_19.00_X51005268200_1": 0.2, "16_S_X51005268200_1": 0.0, "17_15.00_X51005268200_1": 0.2, "18_1_X51005268200_1": 0.0, "19_AMOUNT_X51005268200_1": 0.0, "20_U/P_X51005268200_1": 1.0, "21_ATY_X51005268200_1": 1.0, "22_ITEM_X51005268200_1": 0.0, "23_15:28:00_X51005268200_1": 0.0, "24_TIME:_X51005268200_1": 0.2, "25_SALESPERSON_X51005268200_1": 0.0, "26_:_X51005268200_1": 1.0, "27_15/06/2017_X51005268200_1": 0.2, "28_DATE:_X51005268200_1": 0.0, "29_CSP0393921_X51005268200_1": 0.1, "30_RECEIPT_X51005268200_1": 0.0, "31_#:_X51005268200_1": 1.0, "32_CASH_X51005268200_1": 0.0, "0_QTE_117_0": 1.0, "1_MONTANT_117_0": 0.2857142857142857, "2_DESCRIPTION_117_0": 0.0, "3_:_117_0": 1.0, "4_Tel_117_0": 0.0, "5_ROCHELLE_117_0": 0.0, "6_17000_117_0": 0.0, "7_LA_117_0": 0.5, "8_SCIERIE_117_0": 0.0, "9_33_117_0": 0.0, "10_RUE_117_0": 0.0, "11_DE_117_0": 0.0, "12_LA_117_0": 0.0, "13_CRF-CITY_117_0": 0.0, "14_LA_117_0": 0.0, "15_ROCHELLE_117_0": 0.0, "0_BIENTOT_336_1": 0.0, "1_MERCI_336_1": 0.0, "2_DE_336_1": 0.0, "3_VOTRE_336_1": 0.0, "4_VISITE_336_1": 0.0, "5_003_336_1": 0.0, "6_000104_336_1": 0.0, "7_22/05/2017_336_1": 0.0, "8_15:28:09_336_1": 0.125, "9_CB_336_1": 0.5, "10_EMV_336_1": 0.3333333333333333, "11_SANS_336_1": 0.0, "12_CONTACT_336_1": 0.0, "13_EUR_336_1": 0.0, "14_4.39\u20ac_336_1": 0.4, "15_ARTICLE_336_1": 0.2857142857142857, "16_(S)_336_1": 1.0, "17_TOTAL_336_1": 0.0, "18_A_336_1": 0.0, "19_PAYER_336_1": 0.0, "20_4.39\u20ac_336_1": 0.4, "21_*PETIT_336_1": 0.5, "22_ECOL.CHOC.LT_336_1": 0.0, "23_1.50\u20ac_336_1": 0.4, "24_*CONCOI_336_1": 0.5714285714285714, "25_BRE_336_1": 0.0, "26_1.10\u20ac_336_1": 0.4, "27_*200G_336_1": 0.4, "28_OUMMOUS_336_1": 0.2857142857142857, "29_CRF_336_1": 0.0, "30_1.79\u20ac_336_1": 0.4, "0_:_283_0": 1.0, "1_Tel_283_0": 0.0, "2_17000_283_0": 0.0, "3_ROCHELLE_283_0": 0.0, "4_LA_283_0": 0.0, "5_33_283_0": 0.0, "6_RUE_283_0": 0.0, "7_DE_283_0": 0.0, "8_LA_283_0": 0.0, "9_SCIERIE_283_0": 0.0, "10_CRF-CITY_283_0": 0.125, "11_ROCHELLE_283_0": 0.0, "12_LA_283_0": 1.0, "0_BIENTOT_350_2": 0.0, "0_ _receipt_00356_0": 3.0, "0_QTE_370_0": 1.0, "1_MONTANT_370_0": 0.2857142857142857, "2_DESCRIPTION_370_0": 0.5454545454545454, "3_Tel_370_0": 0.0, "4_ROCHELLE_370_0": 0.0, "5_17000_370_0": 0.0, "6_LA_370_0": 0.0, "7_RUE_370_0": 0.0, "8_DE_370_0": 0.0, "9_LA_370_0": 0.0, "10_SCIERIE_370_0": 0.14285714285714285, "11_33_370_0": 0.0, "12_ROCHELLE_370_0": 0.0, "13_CRF-CITY_370_0": 0.0, "14_LA_370_0": 0.0, "0_30,000_receipt_00166_1": 0.0, "1_CHANGE_receipt_00166_1": 0.0, "2_50,000_receipt_00166_1": 0.16666666666666666, "3_CASH_receipt_00166_1": 0.0, "4_TOTAL_receipt_00166_1": 0.0, "5_20,000_receipt_00166_1": 0.0, "6_TT_receipt_00166_1": 1.0, "7_@20,000_receipt_00166_1": 0.2857142857142857, "8_1_receipt_00166_1": 0.0, "0_KEMBALI_receipt_00244_1": 0.7142857142857143, "1_2.000_receipt_00244_1": 0.2, "2_TUNAI_receipt_00244_1": 0.6, "3_50.000_receipt_00244_1": 0.0, "4_GRAND_receipt_00244_1": 0.0, "5_TOTAL_receipt_00244_1": 0.0, "6_48.000_receipt_00244_1": 0.0, "7_TAX_receipt_00244_1": 0.0, "8_10.00_receipt_00244_1": 0.2, "9_4,364_receipt_00244_1": 0.4, "10_TOTAL_receipt_00244_1": 0.0, "11_43.636_receipt_00244_1": 0.16666666666666666, "12_BASO_receipt_00244_1": 0.75, "13_TAHU_receipt_00244_1": 0.25, "14_BIHUN_receipt_00244_1": 0.2, "15_43.636_receipt_00244_1": 0.16666666666666666, "16_1_receipt_00244_1": 3.0, "17_43.636_receipt_00244_1": 0.3333333333333333, "0_0_receipt_00790_1": 0.0, "1_Kembali_receipt_00790_1": 0.0, "2_30.000_receipt_00790_1": 0.0, "3_Pay_receipt_00790_1": 0.0, "4_Go_receipt_00790_1": 0.0, "5_30.000_receipt_00790_1": 0.0, "6_Total_receipt_00790_1": 0.0, "7_30.000_receipt_00790_1": 0.0, "8_Dimsum_receipt_00790_1": 0.0, "9_2_receipt_00790_1": 0.0, "0_BIENTOT_318_1": 0.0, "1_VISITE_318_1": 0.0, "2_VOTRE_318_1": 0.0, "3_MERCI_318_1": 0.0, "4_DE_318_1": 0.0, "5_11:55:00_318_1": 0.0, "6_000162_318_1": 0.0, "7_16/05/2017_318_1": 0.1, "8_0001_318_1": 0.0, "9_5.44\u20ac_318_1": 0.4, "10_SANS_318_1": 0.0, "11_CONTACT_318_1": 0.0, "12_EUR_318_1": 0.0, "13_EMV_318_1": 0.3333333333333333, "14_CB_318_1": 0.5, "15_5.44\u20ac_318_1": 0.4, "16_TOTAL_318_1": 0.0, "17_A_318_1": 1.0, "18_PAYER_318_1": 0.0, "19_(S)_318_1": 0.6666666666666666, "20_ARTICLE_318_1": 0.0, "21_2_318_1": 0.0, "22_2.07\u20ac_318_1": 0.4, "23_BOIRE_318_1": 0.0, "24_VANI_318_1": 0.5, "25_*VACHE_318_1": 0.16666666666666666, "26_A_318_1": 1.0, "27_3.37\u20ac_318_1": 0.4, "28_PESTO_318_1": 0.0, "29_*MINI_318_1": 0.6, "30_PENNE_318_1": 0.0, "0_17100_647_0": 0.0, "1_SAINTES_647_0": 0.14285714285714285, "2_CHAMPAGNE_647_0": 0.0, "3_LA_647_0": 1.0, "4_SAINT_647_0": 0.0, "5_GEORGE_647_0": 0.0, "0_Debet_receipt_00647_1": 0.4, "1_Card_receipt_00647_1": 0.5, "2_118.000,00_receipt_00647_1": 0.5, "3_Total._receipt_00647_1": 0.5, "4_118.000,00_receipt_00647_1": 0.2, "5_Total_receipt_00647_1": 0.2, "6_Item:_receipt_00647_1": 0.8, "7_3_receipt_00647_1": 2.0, "8_56.000,00_receipt_00647_1": 0.6666666666666666, "9_56.000,00_receipt_00647_1": 0.3333333333333333, "10_x1_receipt_00647_1": 1.0, "11_5001_receipt_00647_1": 0.5, "12_-Corn_receipt_00647_1": 0.8, "13_Flakes_receipt_00647_1": 0.6666666666666666, "14_Cookies_receipt_00647_1": 0.7142857142857143, "15_62.000,00_receipt_00647_1": 1.0, "16_62.000,00_receipt_00647_1": 0.4444444444444444, "17_x1_receipt_00647_1": 1.0, "18_5003_receipt_00647_1": 1.0, "19_-Chokoreto_receipt_00647_1": 0.4, "20_Cookies_receipt_00647_1": 0.8571428571428571, "21_0,00_receipt_00647_1": 0.5, "22_0,00_receipt_00647_1": 1.0, "23_x1_receipt_00647_1": 1.0, "0_16,000_receipt_00133_0": 0.0, "1_1_receipt_00133_0": 0.0, "2_PEPPER_receipt_00133_0": 0.0, "3_POTATO_receipt_00133_0": 0.0, "4_BAGEL_receipt_00133_0": 0.0, "5_17,000_receipt_00133_0": 0.0, "6_TLJ_receipt_00133_0": 1.0, "7_CROQUETTE_receipt_00133_0": 0.1111111111111111, "8_1_receipt_00133_0": 1.0, "9_10,000_receipt_00133_0": 0.0, "10_STRAWBERRY_receipt_00133_0": 0.0, "11_DONUT_receipt_00133_0": 0.0, "12_1_receipt_00133_0": 1.0, "13_TWIST_receipt_00133_0": 0.0, "0_TAX_receipt_00679_0": 0.3333333333333333, "1_2500_receipt_00679_0": 0.0, "2_NET_receipt_00679_0": 0.3333333333333333, "3_SALES_receipt_00679_0": 0.2, "4_25000_receipt_00679_0": 1.0, "5_KING_receipt_00679_0": 0.0, "6_1_receipt_00679_0": 1.0, "7_DEAL_receipt_00679_0": 0.0, "8_FISH_receipt_00679_0": 0.0, "9_25000_receipt_00679_0": 0.4, "0_:_76_0": 1.0, "1_Tel_76_0": 0.0, "2_ROCHELLE_76_0": 0.0, "3_17000_76_0": 0.0, "4_LA_76_0": 0.0, "5_DE_76_0": 0.0, "6_LA_76_0": 0.0, "7_SCIERIE_76_0": 0.0, "8_33_76_0": 0.0, "9_RUE_76_0": 0.0, "10_ROCHELLE_76_0": 0.0, "11_CRF-CITY_76_0": 0.125, "12_LA_76_0": 0.0, "0_A_515_2": 0.0, "1_BIENTOT_515_2": 0.0, "2_Vous_515_2": 0.0, "3_remercie_515_2": 0.0, "4_de_515_2": 0.0, "5_votre_515_2": 0.0, "6_visite_515_2": 0.0, "7_CARREFOUR_515_2": 0.0, "8_MARKET_515_2": 0.0, "9_AYTRE_515_2": 0.0, "0_Vignette(s)_486_3": 0.0, "1_par_486_3": 0.0, "2_operation_486_3": 0.0, "3_Bravo_486_3": 0.2, "4_vous_486_3": 0.0, "5_avez_486_3": 0.0, "6_cumule_486_3": 0.0, "7_2.0_486_3": 0.0, "0_Ginger_X51005337867_1": 0.0, "1_S_X51005337867_1": 0.0, "2_BR10_X51005337867_1": 0.0, "3_Stm_X51005337867_1": 0.0, "4_R_X51005337867_1": 0.0, "5_S_X51005337867_1": 0.0, "6_13.87_X51005337867_1": 0.0, "7_ST30_X51005337867_1": 0.0, "8_In_X51005337867_1": 0.0, "9_Dine_X51005337867_1": 0.0, "10_18_X51005337867_1": 0.0, "11_12:44:00_X51005337867_1": 0.0, "12_PM_X51005337867_1": 0.0, "13_22_X51005337867_1": 0.5, "14_Mar_X51005337867_1": 0.0, "15_Cover:1_X51005337867_1": 0.14285714285714285, "16_Check:37617_X51005337867_1": 0.09090909090909091, "17_LIZA_X51005337867_1": 0.0, "18_2009_X51005337867_1": 0.0, "19_COUNTER3_X51005337867_1": 0.125, "20_4_X51005337867_1": 0.0, "21_GST_X51005337867_1": 0.0, "22_RECEIPT**_X51005337867_1": 0.2222222222222222, "23_NOT_X51005337867_1": 1.0, "24_A_X51005337867_1": 0.0, "25_IS_X51005337867_1": 1.5, "26_**THIS_X51005337867_1": 1.0, "27_Check_X51005337867_1": 0.2, "28_Guest_X51005337867_1": 0.2, "0_BIENTOT_69_1": 0.0, "1_A_69_1": 0.0, "2_MERCI_69_1": 0.0, "3_DE_69_1": 0.0, "4_VOTRE_69_1": 0.0, "5_VISITE_69_1": 0.0, "6_17/02/2016_69_1": 0.1, "7_0003_69_1": 0.5, "8_003_69_1": 0.0, "9_000249_69_1": 0.16666666666666666, "10_18:38:56_69_1": 0.0, "11_ESPECES_69_1": 0.0, "12_EUR_69_1": 0.0, "13_3.54\u20ac_69_1": 0.4, "14_1_69_1": 0.0, "15_(S)_69_1": 0.3333333333333333, "16_3.54\u20ac_69_1": 0.4, "17_AKTICLE_69_1": 0.2857142857142857, "18_TOTAL_69_1": 0.0, "19_A_69_1": 0.0, "20_PAYER_69_1": 0.0, "21_6X1,5L_69_1": 0.5, "22_EAU_69_1": 0.3333333333333333, "23_3.54e_69_1": 0.4, "24_PET_69_1": 0.0, "25_MIN_69_1": 0.3333333333333333, "0_BIENTOT_419_2": 0.0, "1_MERCI_419_2": 0.0, "2_DE_419_2": 0.0, "3_VOTRE_419_2": 0.0, "4_VISITE_419_2": 0.0, "5_0001_419_2": 1.0, "6_000142_419_2": 0.0, "7_003_419_2": 0.0, "8_07/04/2017_419_2": 0.0, "9_13:07:26_419_2": 0.875, "10_CARTE_419_2": 1.0, "11_BANCAIRE_419_2": 0.0, "12_EMV_419_2": 0.3333333333333333, "13_EUR_419_2": 0.0, "14_9.89\u20ac_419_2": 0.4, "0_CHANGED_receipt_00420_0": 0.0, "1_0_receipt_00420_0": 0.0, "2_CASH_receipt_00420_0": 0.0, "3_100.000_receipt_00420_0": 0.0, "4_TOTAL_receipt_00420_0": 0.0, "5_1_receipt_00420_0": 1.0, "6_Hulk_receipt_00420_0": 0.0, "7_Topper_receipt_00420_0": 1.0, "8_Package_receipt_00420_0": 0.14285714285714285, "9_100.000_receipt_00420_0": 0.0, "0_MERCI_282_1": 0.0, "1_VOTRE_282_1": 0.0, "2_DE_282_1": 0.0, "3_VISITE_282_1": 0.0, "4_0010_282_1": 0.5, "5_004_282_1": 0.0, "6_000166_282_1": 0.0, "7_11/07/2017_282_1": 0.1, "8_12:42:24_282_1": 0.0, "9_CB_282_1": 0.5, "10_EMV_282_1": 0.0, "11_SANS_282_1": 0.0, "12_CONTACT_282_1": 0.0, "13_EUR_282_1": 0.0, "14_13.33\u20ac_282_1": 0.3333333333333333, "15_(S)_282_1": 1.0, "16_3_282_1": 0.0, "17_ARTICLE_282_1": 0.0, "18_TOTAL_282_1": 0.0, "19_A_282_1": 0.0, "20_PAYER_282_1": 0.0, "21_13.33\u20ac_282_1": 0.3333333333333333, "22_*EAU_282_1": 0.5, "23_CRISTALINE_282_1": 0.0, "24_X6_282_1": 0.0, "25_1.20\u20ac_282_1": 0.4, "26_KATSUSHIKA_282_1": 0.0, "27_*BENTO_282_1": 0.16666666666666666, "28_11.75\u20ac_282_1": 0.3333333333333333, "29_0.195kg_282_1": 0.14285714285714285, "30_1.95\u20ac/kg_282_1": 0.125, "31_x_282_1": 0.0, "32_*BANANE_282_1": 0.0, "33_0.38\u20ac_282_1": 0.4, "0_13,700_receipt_00636_1": 0.0, "1_50,000_receipt_00636_1": 0.0, "2_TOTAL_receipt_00636_1": 0.0, "3_36,300_receipt_00636_1": 0.0, "4_TAX_receipt_00636_1": 0.0, "5_10%_receipt_00636_1": 0.0, "6_3,300_receipt_00636_1": 0.0, "7_33,000_receipt_00636_1": 0.0, "8_1.00xITEMS_receipt_00636_1": 0.0, "0_52,000_receipt_00221_0": 0.3333333333333333, "1_GREEN_receipt_00221_0": 0.2, "2_TEA_receipt_00221_0": 0.0, "3_SPREAD_receipt_00221_0": 0.16666666666666666, "4_1_receipt_00221_0": 0.0, "5_OREO_receipt_00221_0": 0.5, "6_19,000_receipt_00221_0": 0.0, "7_BREAD_receipt_00221_0": 0.0, "8_POTATO_receipt_00221_0": 0.0, "9_SAUSAGE_receipt_00221_0": 0.14285714285714285, "10_1_receipt_00221_0": 0.0, "0_10,736_receipt_00077_1": 0.6666666666666666, "1_PPN_receipt_00077_1": 0.6666666666666666, "2_1,900_receipt_00077_1": 0.2, "3_Kembalian_receipt_00077_1": 0.2222222222222222, "4_Tunai_receipt_00077_1": 0.4, "5_120,000_receipt_00077_1": 0.2857142857142857, "6_Total_receipt_00077_1": 0.0, "7_Belanja_receipt_00077_1": 0.14285714285714285, "8_118,100_receipt_00077_1": 0.14285714285714285, "9_Disc._receipt_00077_1": 0.2, "10_Total_receipt_00077_1": 0.0, "11_1_receipt_00077_1": 0.0, "12_Total_receipt_00077_1": 0.0, "13_Item_receipt_00077_1": 0.5, "14_4_receipt_00077_1": 0.0, "15_118,101_receipt_00077_1": 0.0, "16_CIPAIN_receipt_00077_1": 0.16666666666666666, "17_PATCH_receipt_00077_1": 0.0, "18_4S_receipt_00077_1": 1.0, "19_3_receipt_00077_1": 1.0, "20_26,200_receipt_00077_1": 0.6666666666666666, "21_78,600_receipt_00077_1": 0.3333333333333333, "0_Pb1_receipt_00111_0": 0.3333333333333333, "1_10%_receipt_00111_0": 0.0, "2_6,600_receipt_00111_0": 0.0, "3_SUBTTL_receipt_00111_0": 0.0, "4_66,000_receipt_00111_0": 0.16666666666666666, "5_CHIC_receipt_00111_0": 0.0, "6_NAMBAN_receipt_00111_0": 0.16666666666666666, "7_1_receipt_00111_0": 0.0, "8_BENTO_receipt_00111_0": 0.2, "9_58,000_receipt_00111_0": 0.0, "10_OCHA_receipt_00111_0": 0.25, "11_1_receipt_00111_0": 0.0, "12_8,000_receipt_00111_0": 0.0, "0_CLUB_723_2": 0.0, "1_VERTBAUDET_723_2": 0.0, "2_49,48_723_2": 0.2, "3_CARTES_723_2": 0.0, "4_BLEUES_723_2": 0.0, "5_(EUR)_723_2": 0.0, "6_49,48_723_2": 0.0, "7_TOTAL_723_2": 0.0, "8_A_723_2": 0.0, "9_PAYER_723_2": 0.0, "10_22,50_723_2": 0.0, "11_TOTAL_723_2": 0.0, "12_DES_723_2": 0.0, "13_REMISES_723_2": 0.0, "14_:_723_2": 1.0, "15_71,98_723_2": 0.2, "16_AVANT_723_2": 0.0, "17_TOTAL_723_2": 0.0, "18_REMISE_723_2": 0.0, "19_:_723_2": 1.0, "20_:_723_2": 1.0, "21_49,48_723_2": 0.0, "22_DE_723_2": 0.0, "23_ACHATS_723_2": 0.0, "24_MAGASIN_723_2": 0.14285714285714285, "25_MONTANT_723_2": 0.0, "26_VOS_723_2": 1.0, "27_:_723_2": 1.0, "28_49,48_723_2": 0.0, "29_ARTICLE_723_2": 0.0, "30_TOTAL_723_2": 0.0, "0_:_534_1": 1.0, "1_Carte_534_1": 0.0, "2_6.04\u20ac_534_1": 0.4, "3_EUR_534_1": 0.0, "4_ESPECES_534_1": 0.0, "5_6.04\u20ac_534_1": 0.4, "6_ARTICLE_534_1": 0.0, "7_(S)_534_1": 1.0, "8_TOTAL_534_1": 0.0, "9_A_534_1": 0.0, "10_PAYER_534_1": 0.0, "11_3_534_1": 0.0, "12_1.184kg_534_1": 0.2857142857142857, "13_2.10\u20ac/kg_534_1": 0.375, "14_x_534_1": 2.0, "15_0.39\u20ac_534_1": 0.4, "16_GALA_534_1": 0.0, "17_*F_534_1": 0.5, "18_POMME_534_1": 0.2, "19_ROYAL_534_1": 0.8, "20_0.05\u20ac_534_1": 0.4, "21_AIGUILLET_534_1": 0.1111111111111111, "22_POULE_534_1": 0.0, "23_*280G_534_1": 0.4, "24_RAPE_534_1": 0.0, "25_BI_534_1": 0.5, "26_1.60\u20ac_534_1": 0.4, "27_*200G_534_1": 0.4, "28_CAROTTE_534_1": 0.0, "29_0.05\u20ac_534_1": 0.4, "30_AIGUILLET_534_1": 0.1111111111111111, "31_POULE_534_1": 0.0, "32_*280G_534_1": 0.4, "0_CHANGE_receipt_00515_1": 0.16666666666666666, "1_44,400_receipt_00515_1": 1.0, "2_CASH_receipt_00515_1": 0.25, "3_150,000_receipt_00515_1": 0.7142857142857143, "4_Total_receipt_00515_1": 0.2, "5_105,600_receipt_00515_1": 0.7142857142857143, "0_BIENTOT_39_1": 0.0, "1_MERCI_39_1": 0.0, "2_DE_39_1": 0.0, "3_VOTRE_39_1": 0.0, "4_VISITE_39_1": 0.0, "5_000059_39_1": 0.16666666666666666, "6_07_39_1": 0.0, "7_003_39_1": 0.6666666666666666, "8_23/12/2059_39_1": 0.1, "9_12:04:40_39_1": 0.0, "10_CB_39_1": 0.5, "11_EMV_39_1": 0.3333333333333333, "12_SANS_39_1": 0.0, "13_CONTACT_39_1": 0.0, "14_EUR_39_1": 0.0, "15_4.23\u20ac_39_1": 0.4, "16_TOTAL_39_1": 0.0, "17_A_39_1": 0.0, "18_PAYER_39_1": 0.0, "19_4.23\u20ac_39_1": 0.6, "20_*_39_1": 2.0, "21_VENEZIA_39_1": 0.0, "22_4.23\u20ac_39_1": 0.4, "0_23,000_receipt_00775_1": 0.0, "1_BCA_receipt_00775_1": 1.0, "2_DB_receipt_00775_1": 1.0, "3_23,000_receipt_00775_1": 0.16666666666666666, "4_Total_receipt_00775_1": 0.6, "5_1_receipt_00775_1": 1.0, "6_10%_receipt_00775_1": 1.0, "7_PAJAK_receipt_00775_1": 0.8, "8_2,091_receipt_00775_1": 0.2, "9_Subtotal_receipt_00775_1": 0.625, "10_20,909_receipt_00775_1": 0.16666666666666666, "0_CARTE_285_1": 0.0, "1_BANCAIRE_285_1": 0.0, "2_EMV_285_1": 0.3333333333333333, "3_EUR_285_1": 0.0, "4_8.82\u20ac_285_1": 0.6, "5_ARTICLE_285_1": 0.0, "6_(S)_285_1": 0.6666666666666666, "7_TOTAL_285_1": 0.0, "8_A_285_1": 0.0, "9_PAYER_285_1": 0.0, "10_8.82\u20ac_285_1": 0.4, "11_3.92\u20ac_285_1": 0.4, "12_*RIZ_285_1": 0.25, "13_PLT_285_1": 0.0, "14_INDIENNE_285_1": 0.125, "15_W_285_1": 1.0, "16_0.460kg_285_1": 0.14285714285714285, "17_2.95\u20ac/kg_285_1": 0.375, "18_x_285_1": 1.0, "19_CHANTECLERC_285_1": 0.0, "20_*POMME_285_1": 0.16666666666666666, "21_1.36\u20ac_285_1": 0.4, "22_0.595kg_285_1": 0.2857142857142857, "23_2.50\u20ac/kg_285_1": 0.25, "24_x_285_1": 1.0, "25_*CLEMENTINE_285_1": 0.18181818181818182, "26_1.49\u20ac_285_1": 0.4, "27_*CAROTTE_285_1": 0.25, "28_RAPE_285_1": 0.0, "29_1.60\u20ac_285_1": 0.4, "30_BIO_285_1": 0.0, "31_0.230kg_285_1": 0.14285714285714285, "32_x_285_1": 2.0, "33_1.95\u20ac/kg_285_1": 0.125, "34_*BANANE_285_1": 0.0, "35_0.45\u20ac_285_1": 0.4, "0_ _receipt_00521_0": 2.0, "0_A_160_2": 0.0, "1_BIENTOT_160_2": 0.0, "0_ADJUSTMENT_X00016469623_1": 0.0, "1_-RM_X00016469623_1": 0.3333333333333333, "2_ROUNDING_X00016469623_1": 0.0, "3_0.01_X00016469623_1": 0.0, "4_Total_X00016469623_1": 0.4, "5_RM_X00016469623_1": 0.5, "6_30.91_X00016469623_1": 0.0, "7_Qty(s):_X00016469623_1": 0.2857142857142857, "8_5_X00016469623_1": 1.0, "9_Item(s)_X00016469623_1": 0.0, "10_:_X00016469623_1": 1.0, "11_5_X00016469623_1": 1.0, "12_9090822_X00016469623_1": 0.14285714285714285, "13_4.50_X00016469623_1": 0.0, "14_4.50_X00016469623_1": 0.0, "15_PI12PJ11-4_X00016469623_1": 0.1, "16_6/300_X00016469623_1": 0.0, "17_HANDKERCHIEF_X00016469623_1": 0.0, "18_71386#2PCS_X00016469623_1": 0.3, "19_7.45_X00016469623_1": 0.0, "20_7.45_X00016469623_1": 0.0, "21_WD00_X00016469623_1": 0.5, "22_15_X00016469623_1": 0.5, "23_KLEENSO_X00016469623_1": 0.14285714285714285, "24_WANYI_X00016469623_1": 0.2, "25_AJAIB_X00016469623_1": 0.2, "26_99_X00016469623_1": 0.0, "27_SERAI_X00016469623_1": 0.2, "28_900G_X00016469623_1": 0.5, "29_079567600084_X00016469623_1": 0.0, "30_11.23_X00016469623_1": 0.2, "31_11.23_X00016469623_1": 0.4, "32_WA43-A_X00016469623_1": 0.3333333333333333, "33_24_X00016469623_1": 1.0, "34_WD40_X00016469623_1": 0.75, "35_277ml_X00016469623_1": 0.8, "36_MOQ_X00016469623_1": 1.0, "37_2572_X00016469623_1": 0.25, "38_4.62_X00016469623_1": 0.25, "39_4.62_X00016469623_1": 0.0, "40_WA44-A_X00016469623_1": 0.16666666666666666, "41_12_X00016469623_1": 0.0, "42_KILAT_X00016469623_1": 0.0, "43_&WAX_X00016469623_1": 0.25, "44_EW-1000-1L_X00016469623_1": 0.1, "45_ECO_X00016469623_1": 0.0, "46_AUTO_X00016469623_1": 0.0, "47_WASH_X00016469623_1": 0.0, "48_3.11_X00016469623_1": 0.5, "49_3.11_X00016469623_1": 0.5, "0_ _receipt_00651_0": 4.0, "0_CHANGED_receipt_00213_1": 0.0, "1_0_receipt_00213_1": 2.0, "2_CASH_receipt_00213_1": 0.0, "3_42.000_receipt_00213_1": 0.0, "4_SUB-TOTAL_receipt_00213_1": 0.0, "5_42.000_receipt_00213_1": 0.0, "6_1_receipt_00213_1": 0.0, "7_@22.000_receipt_00213_1": 0.14285714285714285, "8_22.000_receipt_00213_1": 0.16666666666666666, "9_THAI_receipt_00213_1": 0.25, "10_ICED_receipt_00213_1": 0.75, "11_GREEN_receipt_00213_1": 0.0, "12_TEA_receipt_00213_1": 0.0, "13_1_receipt_00213_1": 0.0, "14_@20.000_receipt_00213_1": 0.14285714285714285, "15_20.000_receipt_00213_1": 0.0, "16_THAI_receipt_00213_1": 0.25, "17_ICED_receipt_00213_1": 0.0, "18_COFFEE_receipt_00213_1": 0.0, "0_1x_receipt_00451_0": 0.5, "1_12.000_receipt_00451_0": 0.16666666666666666, "2_12.000_receipt_00451_0": 0.16666666666666666, "3_Cheese_receipt_00451_0": 0.16666666666666666, "4_Twist_receipt_00451_0": 0.0, "0_jc_receipt_00275_0": 1.0, "1_Strawberry_receipt_00275_0": 0.0, "2_1_receipt_00275_0": 2.0, "3_45,000_receipt_00275_0": 0.3333333333333333, "4_Day_receipt_00275_0": 0.6666666666666666, "5_Soup_receipt_00275_0": 0.0, "6_The_receipt_00275_0": 0.0, "7_1_receipt_00275_0": 2.0, "8_Of_receipt_00275_0": 1.5, "9_45,000_receipt_00275_0": 0.5, "10_Lychee_receipt_00275_0": 0.16666666666666666, "11_Ice_receipt_00275_0": 0.6666666666666666, "12_Tea_receipt_00275_0": 0.3333333333333333, "13_1_receipt_00275_0": 1.0, "14_40,000_receipt_00275_0": 0.5, "15_85,000_receipt_00275_0": 0.0, "16_1_receipt_00275_0": 2.0, "17_Benedict_receipt_00275_0": 0.0, "18_Burrito_receipt_00275_0": 0.14285714285714285, "0_Vignette(s)_222_2": 0.0, "1_par_222_2": 0.0, "2_operation_222_2": 0.0, "3_Bravo_222_2": 0.0, "4_vous_222_2": 0.0, "5_avez_222_2": 0.0, "6_cumule_222_2": 0.0, "7_1.0_222_2": 0.0, "8_BIENTOT_222_2": 0.0, "9_Vous_222_2": 0.0, "10_remercie_222_2": 0.0, "11_de_222_2": 0.0, "12_votre_222_2": 0.0, "13_visite_222_2": 0.0, "14_CARREFOUR_222_2": 0.0, "15_MARKET_222_2": 0.0, "16_AYTRE_222_2": 0.0, "17_repris_222_2": 0.0, "18_echange_222_2": 0.0, "19_Solde_222_2": 0.0, "20_ni_222_2": 0.0, "21_ni_222_2": 0.0, "0_CHANGE:_receipt_00278_1": 0.0, "1_0_receipt_00278_1": 1.0, "2_Cash:_receipt_00278_1": 0.0, "3_45,000_receipt_00278_1": 0.0, "4_Total:_receipt_00278_1": 0.3333333333333333, "5_45,000_receipt_00278_1": 0.0, "6_Subtotal:_receipt_00278_1": 0.1111111111111111, "7_40,909_receipt_00278_1": 0.6666666666666666, "8_4,090_receipt_00278_1": 1.0, "9_PB1:_receipt_00278_1": 0.25, "10_Less_receipt_00278_1": 0.25, "11_Ice_receipt_00278_1": 0.6666666666666666, "12_100%_receipt_00278_1": 0.0, "13_3,000_receipt_00278_1": 0.0, "14_Bubbles_receipt_00278_1": 0.0, "15_17,000_receipt_00278_1": 0.3333333333333333, "16_@14,000_receipt_00278_1": 0.14285714285714285, "17_Lime_receipt_00278_1": 0.25, "18_1X_receipt_00278_1": 1.0, "19_S-Fresh_receipt_00278_1": 0.0, "20_Lemon_receipt_00278_1": 1.0, "21_0%_receipt_00278_1": 1.0, "22_@14,000_receipt_00278_1": 0.14285714285714285, "23_14,000_receipt_00278_1": 0.0, "24_S-Fresh_receipt_00278_1": 0.14285714285714285, "25_Lemon_receipt_00278_1": 0.4, "26_Lime_receipt_00278_1": 0.75, "27_1X_receipt_00278_1": 1.0, "0_DESCRIPTION_518_0": 0.0, "1_QTE_518_0": 0.3333333333333333, "2_NONTANT_518_0": 0.2857142857142857, "3_Gargot_518_0": 0.0, "4_Aytre._518_0": 0.3333333333333333, "5_Rue_518_0": 0.0, "6_Nicolas_518_0": 0.0, "7_17440_518_0": 0.2, "8_Dimanche_518_0": 0.0, "9_9h_518_0": 0.5, "10_a_518_0": 0.0, "11_12h30_518_0": 0.0, "12_Lundi_518_0": 0.0, "13_au_518_0": 0.0, "14_Samedi_518_0": 0.16666666666666666, "15_de_518_0": 0.0, "16_9h_518_0": 0.5, "17_a_518_0": 0.0, "18_20h00_518_0": 0.0, "19_:_518_0": 1.0, "20_0546457320_518_0": 0.0, "21_Tel_518_0": 0.0, "22_Carrefour_518_0": 0.0, "23_market_518_0": 0.0, "24_AYTRE_518_0": 0.0, "0_km._789_0": 0.0, "1_.249_789_0": 0.25, "2_2_789_0": 0.0, "3_Date..._789_0": 0.0, "4_N_789_0": 4.0, "5_RECU_789_0": 0.0, "6_CEDEX_789_0": 0.0, "7_11785_789_0": 0.2, "8_CS_789_0": 1.0, "9_60605_789_0": 1.0, "0_CARTE_483_5": 0.0, "1_BANCAIRE_483_5": 0.0, "2_EMV_483_5": 0.0, "3_EUR_483_5": 0.0, "4_70.74\u20ac_483_5": 0.3333333333333333, "5_(S)_483_5": 1.0, "6_31_483_5": 1.0, "7_ARTICLE_483_5": 0.0, "8_TOTAL_483_5": 0.2, "9_PAYER_483_5": 0.0, "10_A_483_5": 1.0, "11_70.74\u20ac_483_5": 0.3333333333333333, "12_TOTAL_483_5": 0.0, "13_NON_483_5": 0.3333333333333333, "14_ALIMENTAIRE_483_5": 0.18181818181818182, "15_1.40\u20ac_483_5": 0.4, "16_100_483_5": 0.0, "17_GOBELETS_483_5": 0.0, "18_BLANC_483_5": 0.0, "19_1.40\u20ac_483_5": 0.4, "20_TOTAL_483_5": 0.0, "21_BEAUTE_483_5": 0.0, "22_/_483_5": 1.0, "23_/_483_5": 1.0, "24_SANTE_483_5": 0.0, "25_HYGIENE_483_5": 0.0, "26_10.33\u20ac_483_5": 0.3333333333333333, "27_MAXFRESH_483_5": 0.25, "28_COLGATE_483_5": 0.0, "29_2.07\u20ac_483_5": 0.4, "30_6RLX_483_5": 0.5, "31_PH_483_5": 0.5, "32_XXL_483_5": 0.3333333333333333, "33_BLC_483_5": 0.3333333333333333, "34_AQ_483_5": 1.5, "35_3.51\u20ac_483_5": 0.4, "36_1L15_483_5": 0.25, "37_SENS_483_5": 0.0, "38_LENOR_483_5": 0.0, "39_4.75\u20ac_483_5": 0.4, "40_TOTAL_483_5": 0.0, "41_ALIMENTAIRE_483_5": 0.18181818181818182, "42_59.01\u20ac_483_5": 0.3333333333333333, "43_*TOMATE_483_5": 0.2857142857142857, "44_CERISE_483_5": 0.0, "45_0.78\u20ac_483_5": 0.4, "0_39,000_receipt_00264_0": 0.16666666666666666, "1_JASMINE_receipt_00264_0": 0.14285714285714285, "2_1_receipt_00264_0": 1.0, "3_39,000_receipt_00264_0": 0.0, "0_ _receipt_00695_0": 2.0, "0_CARREFOUR_585_1": 0.0, "1_CITY_585_1": 0.0, "2_VOUS_585_1": 1.0, "3_REMERCIE_585_1": 0.0, "4_21/06/2017_585_1": 0.0, "5_0007_585_1": 0.0, "6_003_585_1": 0.0, "7_000585_585_1": 0.0, "8_20:48:17_585_1": 0.125, "9_CB_585_1": 0.5, "10_EMV_585_1": 0.0, "11_SANS_585_1": 0.0, "12_CONTACT_585_1": 0.0, "13_EUR_585_1": 0.0, "14_6.39\u20ac_585_1": 0.4, "15_2_585_1": 0.0, "16_ARTICLE_585_1": 0.0, "17_(S)_585_1": 0.6666666666666666, "18_TOTAL_585_1": 0.0, "19_A_585_1": 0.0, "20_PAYER_585_1": 0.0, "21_6.39\u20ac_585_1": 0.4, "22_*SDW_585_1": 1.0, "23_LE_585_1": 0.0, "24_MEGA_585_1": 0.25, "25_BUN_585_1": 0.0, "26_TE_585_1": 0.0, "27_2.70\u20ac_585_1": 0.4, "28_*180G_585_1": 0.6, "29_COOKIES_585_1": 0.0, "30_NOTS._585_1": 0.4, "31_3.69\u20ac_585_1": 0.4, "32_DESCRIPTION_585_1": 0.0, "33_QTE_585_1": 0.3333333333333333, "34_MONTANT_585_1": 0.14285714285714285, "0_BIENTOT_359_1": 0.0, "1_MERCI_359_1": 0.0, "2_DE_359_1": 0.0, "3_VOTRE_359_1": 0.0, "4_VISITE_359_1": 0.0, "5_000100_359_1": 0.0, "6_0006_359_1": 0.25, "7_004_359_1": 0.0, "8_22/05/2017_359_1": 0.0, "9_11:58:33_359_1": 0.0, "10_SANS_359_1": 0.0, "11_CONTACT_359_1": 0.0, "12_5.16\u20ac_359_1": 0.4, "13_CB_359_1": 0.0, "14_EMV_359_1": 0.0, "15_EUR_359_1": 0.0, "16_(S)_359_1": 1.0, "17_2_359_1": 0.0, "18_ARTICLE_359_1": 0.0, "19_TOTAL_359_1": 0.0, "20_A_359_1": 0.0, "21_PAYER_359_1": 0.0, "22_5.16e_359_1": 0.4, "23_*DESS._359_1": 0.0, "24_POHNES_359_1": 0.3333333333333333, "25_SS_359_1": 1.0, "26_CRF_359_1": 0.0, "27_0.93\u20ac_359_1": 0.4, "28_*3206_359_1": 0.4, "29_SLDE_359_1": 0.0, "30_STOCKHOL_359_1": 0.125, "31_4.23\u20ac_359_1": 0.4, "32_QTE_359_1": 0.3333333333333333, "33_DESCRIPTION_359_1": 0.0, "34_MONTANT_359_1": 0.14285714285714285, "0_18,600_receipt_00269_1": 0.16666666666666666, "1_CHANGE_receipt_00269_1": 0.0, "2_100,000_receipt_00269_1": 0.0, "3_CASH_receipt_00269_1": 1.25, "4_81,400_receipt_00269_1": 1.0, "5_Total_receipt_00269_1": 0.2, "6_6,600_receipt_00269_1": 0.0, "7_BTL_receipt_00269_1": 0.0, "8_[13100000_receipt_00269_1": 0.2222222222222222, "9_AQUA_receipt_00269_1": 1.0, "10_19,800_receipt_00269_1": 0.0, "11_RINGS_receipt_00269_1": 0.0, "12_04100000_receipt_00269_1": 0.125, "13_ONION_receipt_00269_1": 0.4, "14_55,000_receipt_00269_1": 0.0, "15_CHEDDAR_receipt_00269_1": 0.0, "16_TUNA_receipt_00269_1": 0.75, "17_01110000_receipt_00269_1": 1.0, "18_&_receipt_00269_1": 3.0, "0_10%_receipt_00532_0": 1.0, "1_Pb1_receipt_00532_0": 0.0, "2_5,800_receipt_00532_0": 0.0, "3_SUBTTL_receipt_00532_0": 0.0, "4_58,000_receipt_00532_0": 0.0, "5_CHIC_receipt_00532_0": 0.0, "6_1_receipt_00532_0": 1.0, "7_BENTO_receipt_00532_0": 0.0, "8_NAMBAN_receipt_00532_0": 0.0, "9_58,000_receipt_00532_0": 0.0, "0_000132_286_1": 0.0, "1_12/07/2017_286_1": 0.0, "2_12:15:21_286_1": 0.0, "3_0002_286_1": 0.0, "4_002_286_1": 0.0, "5_CONTACT_286_1": 0.0, "6_6.96\u20ac_286_1": 0.0, "7_EUR_286_1": 0.0, "8_EMV_286_1": 0.0, "9_SANS_286_1": 0.0, "10_CB_286_1": 0.5, "11_6.96\u20ac_286_1": 0.4, "12_PAYER_286_1": 0.0, "13_(S)_286_1": 1.0, "14_TOTAL_286_1": 0.0, "15_A_286_1": 0.0, "16_ARTICLE_286_1": 0.0, "17_4_286_1": 1.0, "18_3.90\u20ac/kg_286_1": 0.375, "19_0.350kg_286_1": 0.14285714285714285, "20_x_286_1": 0.0, "21_1.37\u20ac_286_1": 0.4, "22_BLANCH_286_1": 0.0, "23_*PECHE_286_1": 0.16666666666666666, "24_CHAIR_286_1": 0.0, "25_A_286_1": 0.0, "26_1.60\u20ac_286_1": 0.4, "27_*CAROTTE_286_1": 0.0, "28_BIO_286_1": 0.0, "29_RAPE_286_1": 0.0, "30_0.140kg_286_1": 0.0, "31_1.95\u20ac/kg_286_1": 0.125, "32_x_286_1": 1.0, "33_0.27\u20ac_286_1": 0.4, "34_*BANANE_286_1": 0.0, "35_3.74\u20ac_286_1": 0.4, "36_SAL.MONTMARTR_286_1": 0.23076923076923078, "37_*320G_286_1": 0.4, "38_QTE_286_1": 1.0, "39_MONTANT_286_1": 0.2857142857142857, "40_DESCRIPTION_286_1": 0.0, "0_CHANGE_receipt_00679_1": 0.0, "1_72500_receipt_00679_1": 0.4, "2_TENDERED_receipt_00679_1": 0.0, "3_100000_receipt_00679_1": 0.0, "4_EATIN_receipt_00679_1": 0.0, "5_TOTAL_receipt_00679_1": 0.0, "6_27500_receipt_00679_1": 0.2, "0_32,000_receipt_00175_1": 0.16666666666666666, "1_CG_receipt_00175_1": 1.0, "2_50,000_receipt_00175_1": 0.16666666666666666, "3_CASH_receipt_00175_1": 0.0, "4_TL_receipt_00175_1": 1.0, "5_-25,000_receipt_00175_1": 0.0, "6_SODEXO_receipt_00175_1": 0.0, "7_TIRAMISU_receipt_00175_1": 0.0, "8_14,000_receipt_00175_1": 0.0, "9_CIN_receipt_00175_1": 0.0, "10_14,000_receipt_00175_1": 0.0, "11_CI_receipt_00175_1": 1.0, "12_HAZELNUT_receipt_00175_1": 0.0, "13_ALM_receipt_00175_1": 0.0, "14_15,000_receipt_00175_1": 0.0, "0_--8,01_762_2": 0.3333333333333333, "1_EUR_762_2": 0.0, "2_ESPECES_762_2": 0.0, "3_A_762_2": 0.0, "4_8,01_762_2": 0.25, "5_EUR_762_2": 0.0, "6_RENDRE_762_2": 0.0, "7_._762_2": 1.0, "8_3,06_762_2": 0.25, "9_EUR_762_2": 0.0, "10_ELIGIBLE_762_2": 0.0, "11_TRD_762_2": 0.3333333333333333, "12_TOTAL_762_2": 0.0, "13_vendus=_762_2": 0.0, "14_Nombre_762_2": 0.0, "15_d'articles_762_2": 0.0, "16_11_762_2": 1.0, "17_50,00_762_2": 0.2, "18_EUR_762_2": 0.0, "19_ESPECES_762_2": 0.0, "20_41,99_762_2": 0.4, "21_EUR_762_2": 0.0, "22_MONTANT_762_2": 0.0, "23_DU_762_2": 1.0, "24_BUDGET_762_2": 0.0, "25_EMMENTAL_762_2": 0.0, "26_1,15_762_2": 1.0, "27_EUR_762_2": 0.3333333333333333, "28_A_762_2": 0.0, "29_TOP_762_2": 0.0, "30_ART#_762_2": 0.25, "31_3,83_762_2": 0.5, "32_EUR_762_2": 0.0, "33_B_762_2": 0.0, "34_DESODO_762_2": 0.0, "35_MENTH_762_2": 0.0, "36_SANYTOL_762_2": 0.0, "37_3,28_762_2": 0.25, "38_EUR_762_2": 0.0, "39_B_762_2": 0.0, "40_DRAG.MENT._762_2": 0.2, "41_FREED.BOX_762_2": 0.2222222222222222, "0_recu_774_0": 0.25, "1_par_774_0": 0.0, "2_Vous_774_0": 0.0, "3_avez_774_0": 0.0, "4_ete_774_0": 0.0, "5_Alexandra_774_0": 0.0, "6_LA_774_0": 1.0, "7_ROCHELLE_774_0": 0.0, "8_&_774_0": 0.0, "9_Nature_774_0": 0.0, "0_385,000_receipt_00791_1": 0.14285714285714285, "1_CASH_receipt_00791_1": 0.0, "2_TL_receipt_00791_1": 0.5, "0_ _receipt_00703_0": 1.0, "0_ _receipt_00199_0": 1.0, "0_des_622_0": 0.0, "1_14-16_622_0": 0.0, "2_rue_622_0": 0.0, "3_Dames_622_0": 0.0, "4_Decoration_622_0": 0.0, "5_Cadeaux_622_0": 0.0, "6_Epicerie_622_0": 0.0, "7_fine_622_0": 0.0, "0_M09582_708_1": 0.0, "1_C001_708_1": 1.0, "2_00111_708_1": 0.0, "3_TO008_708_1": 0.2, "4_15/03/2017_708_1": 0.0, "5_9:11:08_708_1": 0.0, "6_20,00%_708_1": 0.0, "7_12,94_708_1": 0.0, "8_2,59_708_1": 0.25, "9_15,53_708_1": 0.4, "10_CODE_708_1": 0.0, "11_TVA_708_1": 0.0, "12_MT._708_1": 0.3333333333333333, "13_TVA_708_1": 0.0, "14_MT._708_1": 0.0, "15_HT_708_1": 0.5, "16_MT._708_1": 0.0, "17_TTC_708_1": 0.6666666666666666, "18_TVA_708_1": 0.0, "19_0,00_708_1": 0.0, "20_ESPECES_708_1": 0.0, "21_EUR_708_1": 0.0, "22_0,00_708_1": 0.25, "23_A_708_1": 0.0, "24_RENDRE_708_1": 0.0, "25_EUR_708_1": 0.0, "26_Nombre_708_1": 0.0, "27_d'articles_708_1": 0.0, "28_vendus=_708_1": 0.14285714285714285, "29_3_708_1": 0.0, "30_15,53_708_1": 0.0, "31_CB_708_1": 0.5, "32_EMV_708_1": 0.3333333333333333, "33_EUR_708_1": 0.0, "34_FONTIGNAC_708_1": 0.0, "35_10E=1_708_1": 0.0, "36_ELE.TAPIS_708_1": 0.1111111111111111, "37_ESSUIE-PIE_708_1": 0.0, "38_10,15_708_1": 0.2, "39_EUR_708_1": 0.0, "40_B_708_1": 0.0, "41_ELEPH_708_1": 0.0, "42_BROSSE_708_1": 0.0, "43_VAISS._708_1": 0.0, "44_2,69_708_1": 0.25, "45_EUR_708_1": 0.0, "46_B_708_1": 0.0, "47_2,69_708_1": 0.25, "48_EUR_708_1": 0.0, "49_B_708_1": 0.0, "50_ELEPH_708_1": 0.0, "51_BROSSE_708_1": 0.0, "52_VAISS._708_1": 0.0, "0_BIENTOT_45_2": 0.0, "1_MERCI_45_2": 0.0, "2_DE_45_2": 0.0, "3_VOTRE_45_2": 0.0, "4_VISITE_45_2": 0.0, "0_ _receipt_00017_0": 4.0, "0_Sceau_773_1": 0.2, "1_de_773_1": 0.5, "2_securite:_773_1": 0.2222222222222222, "3_BD1FE8EB_773_1": 0.375, "4_Echange_773_1": 0.0, "5_80jours_773_1": 0.14285714285714285, "6_sous_773_1": 0.25, "7_avec_773_1": 0.0, "8_ticket._773_1": 0.0, "9_au_773_1": 0.0, "10_TOTAL_773_1": 0.0, "11_0,32_773_1": 0.0, "12_0,02_773_1": 0.25, "13_0,30_773_1": 0.25, "14_5,5%_773_1": 0.0, "15_0,02_773_1": 0.25, "16_0,30_773_1": 0.25, "17_0,32_773_1": 0.25, "18_DETAILS_773_1": 0.0, "19_TVA_773_1": 0.0, "20_Excl._773_1": 0.0, "21_TVA_773_1": 0.0, "22_Incl._773_1": 0.0, "23_(Especes)_773_1": 0.0, "24_Monnaie_773_1": 0.0, "25_-0,68_773_1": 0.2, "26_Especes_773_1": 0.0, "27_1,00_773_1": 0.0, "28_MODE_773_1": 0.25, "29_DE_773_1": 0.0, "30_PAIEMENT_773_1": 0.125, "31_TOTAL_773_1": 0.0, "32_0,32_773_1": 0.0, "33_gazeuse_773_1": 0.0, "34_500ml_773_1": 0.2, "0_5.96\u20ac_214_2": 0.4, "1_*XTREM_214_2": 0.3333333333333333, "2_CHOCO_214_2": 0.2, "3_NOISET_214_2": 0.0, "4_2x_214_2": 1.0, "5_2.98_214_2": 0.0, "6_*TROPICANA_214_2": 0.1, "7_ORANGE_214_2": 0.0, "8_3.35\u20ac_214_2": 0.4, "9_THE_214_2": 0.0, "10_AGRUMES_214_2": 0.14285714285714285, "11_LIPTON_214_2": 0.0, "12_1.71\u20ac_214_2": 0.0, "13_*T.CERISE_214_2": 0.3333333333333333, "14_PX_214_2": 0.5, "15_ROND_214_2": 0.0, "16_2.00\u20ac_214_2": 0.4, "17_Q.FILTRE_214_2": 0.0, "18_4.83\u20ac_214_2": 0.4, "19_MAXWELL_214_2": 0.2857142857142857, "20_H_214_2": 0.0, "21_PLANTA_214_2": 0.0, "22_FIN_214_2": 0.0, "23_DOUX_214_2": 0.75, "24_25_214_2": 0.5, "25_0.93\u20ac_214_2": 0.4, "26_OEUFS_214_2": 0.0, "27_BIO_214_2": 0.3333333333333333, "28_2.94\u20ac_214_2": 0.4, "29_LOUE_214_2": 0.25, "30_LT2X205G_214_2": 0.25, "31_NESTLE_214_2": 0.0, "32_NR_214_2": 0.5, "33_3.75\u20ac_214_2": 0.4, "34_LEFFE_214_2": 0.6, "35_BIERE_214_2": 0.0, "36_BLONDE_214_2": 0.0, "37_10.50\u20ac_214_2": 0.3333333333333333, "38_KINDER_214_2": 0.0, "39_SCHOKOBONS_214_2": 0.0, "40_5.95\u20ac_214_2": 0.4, "41_HARRYS_214_2": 0.0, "42_BRIOCHE_214_2": 0.0, "43_TR._214_2": 0.6666666666666666, "44_2.19\u20ac_214_2": 0.4, "45_GALETTE_214_2": 0.14285714285714285, "46_LOT_214_2": 1.0, "47_X_214_2": 0.0, "48_2_214_2": 0.0, "49_4.00\u20ac_214_2": 0.4, "50_CLEMENTINE_214_2": 0.9, "51_1.69\u20ac_214_2": 0.6, "52_*FLT_214_2": 0.25, "53_1KG_214_2": 0.6666666666666666, "54_*EMMENTAL_214_2": 0.2222222222222222, "55_RAPE_214_2": 0.0, "56_CRF_214_2": 0.0, "57_2x_214_2": 1.0, "58_1.41_214_2": 0.25, "59_2.82\u20ac_214_2": 0.4, "60_2.03\u20ac_214_2": 0.4, "0_QTE_22_0": 0.0, "1_DESCRIPTION_22_0": 0.0, "2_MONTANT_22_0": 0.42857142857142855, "3_Tel_22_0": 0.0, "4_17000_22_0": 0.0, "5_LA_22_0": 0.0, "6_ROCHELLE_22_0": 0.0, "7_33_22_0": 0.5, "8_RUE_22_0": 0.0, "9_DE_22_0": 0.0, "10_LA_22_0": 0.5, "11_SCIERIE_22_0": 0.0, "12_CRF-CITY_22_0": 0.125, "13_LA_22_0": 0.0, "14_ROCHELLE_22_0": 0.0, "0_A_553_2": 0.0, "1_BIENTOT_553_2": 0.0, "2_MERCI_553_2": 0.0, "3_DE_553_2": 0.0, "4_VOTRE_553_2": 0.0, "5_VISITE_553_2": 0.0, "6_0001_553_2": 0.0, "7_005_553_2": 0.0, "8_000074_553_2": 0.0, "9_27/03/2017_553_2": 0.0, "10_12:38:54_553_2": 0.0, "0_MONTANT_580_0": 0.2857142857142857, "1_DESCRIPTION_580_0": 0.0, "2_QTE_580_0": 1.0, "3_Bienvenue_580_0": 0.0, "4_Carrefour_580_0": 0.0, "5_chez_580_0": 0.0, "6_Market_580_0": 0.0, "7_Dimanche_580_0": 0.0, "8_9H00_580_0": 0.25, "9_a_580_0": 0.0, "10_12H30_580_0": 0.0, "11_Lundi_580_0": 0.0, "12_au_580_0": 0.0, "13_Samedi_580_0": 0.0, "14_de_580_0": 0.0, "15_8H30_580_0": 0.25, "16_19H30_580_0": 0.0, "17_a_580_0": 0.0, "18_:_580_0": 1.0, "19_Tel_580_0": 0.0, "20_04_580_0": 0.0, "21_66_580_0": 1.0, "22_88_580_0": 0.0, "23_98_580_0": 1.5, "24_98_580_0": 0.0, "25_VAUVERT_580_0": 0.0, "0_QTE_393_0": 1.0, "1_MONTANT_393_0": 0.14285714285714285, "2_DESCRIPTION_393_0": 0.0, "3_:_393_0": 1.0, "4_Tel_393_0": 0.0, "5_ROCHELLE_393_0": 0.0, "6_17000_393_0": 0.0, "7_LA_393_0": 0.5, "8_SCIERIE_393_0": 0.14285714285714285, "9_33_393_0": 0.0, "10_RUE_393_0": 0.0, "11_DE_393_0": 0.0, "12_ROCHELLE_393_0": 0.0, "13_CRF-CITY_393_0": 0.125, "14_LA_393_0": 0.0, "0_QTE_17_0": 0.3333333333333333, "1_MONTANT_17_0": 0.14285714285714285, "2_DESCRIPTIOH_17_0": 0.09090909090909091, "3_Tel_17_0": 0.0, "4_ROCHELLE_17_0": 0.0, "5_LA_17_0": 0.0, "6_17000_17_0": 0.0, "7_SCIERIE_17_0": 0.14285714285714285, "8_RUE_17_0": 0.0, "9_DE_17_0": 0.0, "10_LA_17_0": 0.5, "11_33_17_0": 0.0, "12_ROCHELLE_17_0": 0.0, "13_LA_17_0": 0.0, "14_CRF-CITY_17_0": 0.0, "0_*4X_483_3": 1.0, "1_COQUILLE_483_3": 0.125, "2_S.JACQ_483_3": 0.16666666666666666, "3_6.36\u20ac_483_3": 0.4, "4_400G_483_3": 0.25, "5_BOLO_483_3": 0.0, "6_VERDURE_483_3": 0.14285714285714285, "7_2.19\u20ac_483_3": 0.4, "8_BEUR_483_3": 0.0, "9_250G_483_3": 0.25, "10_PL_483_3": 0.0, "11_AOP_483_3": 1.0, "12_1.90\u20ac_483_3": 0.4, "13_BADOIT_483_3": 0.0, "14_*1L_483_3": 0.6666666666666666, "15_VERTE_483_3": 0.2, "16_0.60\u20ac_483_3": 0.4, "17_16_483_3": 0.0, "18_DOLCE_483_3": 0.0, "19_THE_483_3": 0.0, "20_GUSTO_483_3": 0.8, "21_4.75\u20ac_483_3": 0.4, "22_RONDELE_483_3": 0.0, "23_*125G_483_3": 0.6, "24_NOIX_483_3": 0.5, "25_1.60\u20ac_483_3": 0.4, "26_*1/4_483_3": 0.25, "27_THON_483_3": 0.0, "28_NATREL_483_3": 0.0, "29_PN_483_3": 1.0, "30_1.80\u20ac_483_3": 0.4, "31_*1/3_483_3": 0.25, "32_FIL.HAQUER.MOU_483_3": 0.14285714285714285, "33_2.04\u20ac_483_3": 0.4, "34_DESCRIPTION_483_3": 0.0, "35_QTE_483_3": 1.0, "36_MONTANT_483_3": 0.2857142857142857, "37_Gargot_483_3": 0.0, "38_Aytre._483_3": 0.3333333333333333, "39_Rue_483_3": 0.0, "40_Nicolas_483_3": 0.0, "41_17440_483_3": 0.0, "42_a_483_3": 1.0, "43_Dimanche_483_3": 0.0, "44_9h_483_3": 0.5, "45_12h30_483_3": 0.0, "46_Lundi_483_3": 0.0, "47_au_483_3": 0.0, "48_Samedi_483_3": 0.0, "49_de_483_3": 0.0, "50_9h_483_3": 0.5, "51_a_483_3": 0.0, "52_20h00_483_3": 0.0, "53_:_483_3": 1.0, "54_Tel_483_3": 0.0, "55_0546457320_483_3": 0.0, "0_Rp._receipt_00490_1": 1.0, "1_Kembali_receipt_00490_1": 0.42857142857142855, "2_0000_receipt_00490_1": 1.0, "3_Rp._receipt_00490_1": 1.0, "4_Tunai_receipt_00490_1": 0.4, "5_250.000_receipt_00490_1": 0.14285714285714285, "6_Liter_receipt_00490_1": 0.0, "7_48,540_receipt_00490_1": 0.3333333333333333, "8_Harga/Liter_receipt_00490_1": 0.09090909090909091, "9_Rp._receipt_00490_1": 1.0, "10_5.150_receipt_00490_1": 0.0, "11_Jenis_receipt_00490_1": 0.2, "12_BBM_receipt_00490_1": 0.6666666666666666, "13_Bio_receipt_00490_1": 1.0, "14_Solar_receipt_00490_1": 0.2, "0_ESPECE_711_0": 0.0, "1_Euro_711_0": 0.0, "2_13,53\u20ac_711_0": 0.3333333333333333, "3_1,500kg_711_0": 0.0, "4_2,35\u20ac/kg_711_0": 0.375, "5_13,53_711_0": 1.2, "6_X_711_0": 0.0, "7_PDT_711_0": 0.0, "8_BLANCHE_711_0": 0.0, "9_:_711_0": 1.0, "10_Vendeur_711_0": 0.0, "11_ALEXIS_711_0": 0.0, "12_DESIGNATION_711_0": 0.0, "13_MONTANT_711_0": 0.0, "14_\u20ac_711_0": 1.0, "15_MARDI_711_0": 1.0, "16_:_711_0": 1.0, "17_SAMEDI_711_0": 0.16666666666666666, "18_AU_711_0": 0.5, "19_9H00-19H00_711_0": 0.2, "20_LUNDI_711_0": 1.0, "21_DE_711_0": 0.0, "22_14H00_711_0": 1.0, "23_A_711_0": 0.0, "24_19H00_711_0": 0.0, "0_4.15_771_1": 0.25, "1_\u20ac_771_1": 0.0, "2_10.00%:_771_1": 0.0, "3_Dont_771_1": 0.0, "4_2.15_771_1": 0.25, "5_TVA_771_1": 0.6666666666666666, "6_20.00%:_771_1": 0.14285714285714285, "7_\u20ac_771_1": 1.0, "8_Dont_771_1": 0.0, "9_TVA_771_1": 0.6666666666666666, "10_52.20_771_1": 0.0, "11_Taxes_771_1": 0.0, "12_Hors_771_1": 0.0, "13_\u20ac_771_1": 1.0, "14_3.80_771_1": 0.0, "15_EXPRESSO_771_1": 0.0, "16_2_771_1": 1.0, "17_41.80_771_1": 0.0, "18_\u20ac_771_1": 1.0, "19_DESSERT_771_1": 0.0, "20_PLAT_771_1": 0.0, "21_ENTREE_771_1": 0.0, "22_2_771_1": 0.0, "23_\u20ac_771_1": 1.0, "24_1/2_771_1": 0.0, "25_12.90_771_1": 0.0, "26_ROUGE_771_1": 0.0, "27_BARDOLINO_771_1": 0.0, "28_2_771_1": 0.0, "29_1_771_1": 0.0, "30_TABLE_771_1": 0.0, "31_16/12/2016_771_1": 0.1, "32_Le_771_1": 0.0, "0_QTE_467_0": 0.0, "1_MONTANT_467_0": 0.2857142857142857, "2_DESCRIPTION_467_0": 0.0, "3_Aytre._467_0": 0.16666666666666666, "4_Rus_467_0": 0.6666666666666666, "5_Gargot_467_0": 0.0, "6_icolas_467_0": 0.3333333333333333, "7_17440_467_0": 0.0, "8_Dimanche_467_0": 0.0, "9_9h_467_0": 0.5, "10_a_467_0": 0.0, "11_12h30_467_0": 0.0, "12_9h_467_0": 0.0, "13_a_467_0": 0.0, "14_20h00_467_0": 0.0, "15_Lundi_467_0": 0.2, "16_au_467_0": 0.0, "17_Samedi_467_0": 0.0, "18_de_467_0": 0.0, "19_0546457330_467_0": 0.0, "20_Tel_467_0": 0.0, "21_market_467_0": 0.0, "22_Carrefour_467_0": 0.0, "23_AYTRE_467_0": 0.0, "0_0006_296_1": 0.25, "1_003_296_1": 0.0, "2_14/07/2017_296_1": 0.0, "3_000322_296_1": 0.0, "4_18:36:06_296_1": 0.0, "5_EMV_296_1": 0.6666666666666666, "6_CB_296_1": 1.0, "7_SANS_296_1": 0.0, "8_CONTACT_296_1": 0.0, "9_EUR_296_1": 0.0, "10_8.83\u20ac_296_1": 0.6, "11_TOTAL._296_1": 0.5, "12_ATICLE(S)_296_1": 0.2222222222222222, "13_A_296_1": 0.0, "14_PAYER_296_1": 0.0, "15_8.83\u20ac_296_1": 0.4, "16_*TOMATI_296_1": 0.42857142857142855, "17_JAUNE_296_1": 0.2, "18_BQ_296_1": 0.5, "19_250G_296_1": 0.25, "20_2.95\u20ac_296_1": 0.4, "21_*MINI_296_1": 0.6, "22_AUCIS.NAT.MA_296_1": 0.25, "23_3.01\u20ac_296_1": 0.4, "24_*CHIPS_296_1": 0.16666666666666666, "25_POULET_296_1": 0.0, "26_BRAIS_296_1": 0.2, "27_1.30\u20ac_296_1": 0.4, "28_*CHIPS_296_1": 0.16666666666666666, "29_DEEP_296_1": 0.0, "30_RIDGED_296_1": 0.0, "31_1.57\u20ac_296_1": 0.4, "32_DESCRIPTION_296_1": 0.5454545454545454, "33_QTE_296_1": 1.0, "34_MONTANT_296_1": 0.14285714285714285, "0_BIENTOT_322_1": 0.0, "1_MERCI_322_1": 0.0, "2_DE_322_1": 0.0, "3_VOTRE_322_1": 0.0, "4_VISITE_322_1": 0.0, "5_0009_322_1": 0.25, "6_004_322_1": 0.0, "7_000210_322_1": 0.0, "8_23/06/2017_322_1": 0.0, "9_12:16:14_322_1": 0.0, "10_CB_322_1": 0.0, "11_EMV_322_1": 0.0, "12_SANS_322_1": 0.0, "13_CONTACT_322_1": 0.0, "14_EUR_322_1": 0.0, "15_7.99\u20ac_322_1": 0.4, "16_3_322_1": 0.0, "17_(S)_322_1": 1.0, "18_ARTICLE_322_1": 0.0, "19_TOTAL_322_1": 0.0, "20_A_322_1": 0.0, "21_PAYER_322_1": 0.0, "22_7.99\u20ac_322_1": 0.4, "23_*PET_322_1": 0.0, "24_1L_322_1": 1.0, "25_PJ_322_1": 0.5, "26_CLEMENTI_322_1": 0.0, "27_2.08\u20ac_322_1": 0.4, "28_*DESS_322_1": 0.4, "29_POH/PEC/_322_1": 0.0, "30_RTS_322_1": 0.0, "31_1.68\u20ac_322_1": 0.4, "32_*320G_322_1": 0.2, "33_SLDE_322_1": 0.25, "34_STOCKHOL_322_1": 0.0, "35_4.23\u20ac_322_1": 0.4, "0_DESCRIPTION_126_0": 0.0, "1_QTE_126_0": 0.3333333333333333, "2_MONTANT_126_0": 0.14285714285714285, "3_:_126_0": 2.0, "4_Tel_126_0": 0.0, "5_17000_126_0": 0.0, "6_ROCHELLE_126_0": 0.0, "7_LA_126_0": 0.5, "8_33_126_0": 0.0, "9_RUE_126_0": 0.0, "10_DE_126_0": 0.0, "11_LA_126_0": 0.5, "12_SCIERIE_126_0": 0.0, "13_CRF-CITY_126_0": 0.0, "14_LA_126_0": 0.5, "15_ROCHELLE_126_0": 0.0, "0_CASH_X00016469623_2": 0.0, "1_REFUND._X00016469623_2": 0.14285714285714285, "2_STRICILY_X00016469623_2": 0.125, "3_NO_X00016469623_2": 0.0, "4_DAYS_X00016469623_2": 0.0, "5_RECEIPT._X00016469623_2": 0.0, "6_WITH_X00016469623_2": 0.0, "7_ALLOWED_X00016469623_2": 0.0, "8_WITHIN_X00016469623_2": 0.0, "9_EXCHANGE_X00016469623_2": 0.0, "10_ARE_X00016469623_2": 0.0, "11_CASHIER_X00016469623_2": 0.0, "12_OPERATOR_X00016469623_2": 0.0, "13_TRAINEE_X00016469623_2": 0.14285714285714285, "14_18-11-18_X00016469623_2": 0.125, "15_SH01_X00016469623_2": 0.5, "16_ZI53_X00016469623_2": 0.75, "17_T2_X00016469623_2": 0.5, "18_RO00002902_X00016469623_2": 0.2, "19_13:58_X00016469623_2": 0.0, "20_CHANGE_X00016469623_2": 0.16666666666666666, "21_RM_X00016469623_2": 1.0, "22_20.10_X00016469623_2": 0.0, "23_CASH_X00016469623_2": 0.0, "24_RM_X00016469623_2": 0.5, "25_51.00_X00016469623_2": 0.0, "26_RM_X00016469623_2": 0.0, "27_30.90_X00016469623_2": 0.2, "28_TOTAL_X00016469623_2": 0.0, "29_ROUNDED_X00016469623_2": 0.0, "0_QTE_336_0": 1.0, "1_DESCRIPTION_336_0": 0.09090909090909091, "2_MONTANT_336_0": 0.42857142857142855, "3_Tel_336_0": 0.0, "4_17000_336_0": 0.0, "5_LA_336_0": 0.0, "6_ROCHELLE_336_0": 0.0, "7_33_336_0": 0.0, "8_RUE_336_0": 0.0, "9_DE_336_0": 0.0, "10_LA_336_0": 0.0, "11_SCIERIE_336_0": 0.0, "12_CRF-CITY_336_0": 0.0, "13_LA_336_0": 0.0, "14_ROCHELLE_336_0": 0.0, "0_ _receipt_00319_0": 2.0, "0_jeton(s)_503_4": 0.25, "1_offert(8)._503_4": 0.3, "2_GRAND_503_4": 0.0, "3_JEU_503_4": 1.0, "4_BIENTOT_503_4": 0.0, "5_remercie_503_4": 0.0, "6_de_503_4": 0.0, "7_votre_503_4": 0.0, "8_visite_503_4": 0.0, "9_Vous_503_4": 0.0, "10_CARREFOUR_503_4": 0.0, "11_MARKET_503_4": 0.0, "12_AYTRE_503_4": 0.0, "0_ _receipt_00034_0": 8.0, "0_CARREFOUR_588_1": 0.0, "1_CITY_588_1": 0.0, "2_VOUS_588_1": 0.75, "3_REMERCIE_588_1": 0.0, "4_001_588_1": 0.3333333333333333, "5_600212_588_1": 0.0, "6_21/06/2017_588_1": 0.0, "7_0002_588_1": 0.0, "8_20:48:06_588_1": 0.0, "9_Votre_588_1": 0.0, "10_Monnaie_588_1": 0.0, "11_--9.35\u20ac_588_1": 0.42857142857142855, "12_ESPECES_588_1": 0.0, "13_EUR_588_1": 0.0, "14_10.00\u20ac_588_1": 0.3333333333333333, "15_ARTICLE(S)_588_1": 0.0, "16_TOTAL_588_1": 0.0, "17_PAYER_588_1": 0.0, "18_A_588_1": 0.0, "19_0.65\u20ac_588_1": 0.4, "20_*PET_588_1": 0.25, "21_50_588_1": 0.5, "22_CL_588_1": 1.0, "23_EVIAN_588_1": 0.2, "24_0.65\u20ac_588_1": 0.4, "0_fidelite_649_2": 0.0, "1_Merci_649_2": 0.0, "2_de_649_2": 0.0, "3_votre_649_2": 0.0, "4_34.08_649_2": 0.0, "5_\u20ac,_649_2": 1.0, "6_grace_649_2": 0.4, "7_la_649_2": 0.5, "8_carte_649_2": 0.0, "9_E.Leclerc,_649_2": 0.1, "10_a_649_2": 1.0, "11_En_649_2": 0.0, "12_2017,_649_2": 0.0, "13_tout,_649_2": 0.2, "14_vous_649_2": 0.0, "15_avez_649_2": 1.0, "16_obtenu_649_2": 0.0, "17_en_649_2": 0.5, "18_validite_649_2": 0.0, "19_a_649_2": 1.0, "20_l'accueil_649_2": 0.3333333333333333, "21_Modalites,_649_2": 0.2, "22_duree_649_2": 0.0, "23_de_649_2": 0.0, "24_votre_649_2": 0.0, "25_carte_649_2": 0.0, "26_E.LECLERC._649_2": 0.0, "27_presentation_649_2": 0.0, "28_l'operation_649_2": 0.18181818181818182, "29_sur_649_2": 0.0, "30_de_649_2": 0.0, "31_et_649_2": 0.5, "32_participant_649_2": 0.0, "33_nagasins_649_2": 0.25, "34_E.LECLERC_649_2": 0.0, "35_vos_649_2": 0.0, "36_prochains_649_2": 0.2222222222222222, "37_dans_649_2": 0.0, "38_tous_649_2": 0.0, "39_les_649_2": 0.3333333333333333, "40_achats_649_2": 0.0, "41_valoir_649_2": 0.0, "42_Ce_649_2": 0.0, "43_DISPONIBLE_649_2": 0.0, "44_a_649_2": 1.0, "45_CUMUL_649_2": 0.2, "46_est_649_2": 0.3333333333333333, "47_sur_649_2": 0.0, "48_\u20ac_649_2": 1.0, "49_DISPONIBLE_649_2": 0.0, "50_18/06/17_649_2": 0.125, "51_:_649_2": 2.0, "52_13.57_649_2": 0.2, "53_AU_649_2": 0.5, "54_CUMUL_649_2": 0.0, "0_ _receipt_00629_0": 3.0, "0_1_receipt_00185_0": 0.0, "1_PEACH_receipt_00185_0": 0.0, "2_0_receipt_00185_0": 2.0, "3_[RICHE]_receipt_00185_0": 0.0, "4_1_receipt_00185_0": 0.0, "5_52,727_receipt_00185_0": 0.0, "6_WHITE_receipt_00185_0": 0.0, "7_SKIMM_receipt_00185_0": 0.0, "0_A_384_2": 0.0, "1_BIENTOT_384_2": 0.0, "2_MERCI_384_2": 0.0, "3_DE_384_2": 0.5, "4_VISITE_384_2": 0.0, "5_VOTRE_384_2": 0.0, "0_ _receipt_00434_0": 2.0, "0_CHANGE_receipt_00632_1": 0.0, "1_30,000_receipt_00632_1": 0.16666666666666666, "2_CASH_receipt_00632_1": 0.0, "3_52,000_receipt_00632_1": 0.16666666666666666, "0_1009-Roti_receipt_00301_0": 0.2222222222222222, "1_Kelapa_receipt_00301_0": 0.16666666666666666, "0_CHANGE_receipt_00242_1": 0.0, "1_DUE_receipt_00242_1": 0.0, "2_31,000_receipt_00242_1": 0.16666666666666666, "3_CASH_receipt_00242_1": 0.75, "4_IDR_receipt_00242_1": 0.0, "5_50,000_receipt_00242_1": 0.16666666666666666, "0_DESCRPTION_73_0": 0.1, "1_QTE_73_0": 0.3333333333333333, "2_MONTANT_73_0": 0.5714285714285714, "3_:_73_0": 1.0, "4_Tel_73_0": 0.0, "5_LA_73_0": 1.0, "6_17000_73_0": 0.0, "7_ROCHELLE_73_0": 0.0, "8_33_73_0": 0.0, "9_RUE_73_0": 0.0, "10_SCIERIE_73_0": 0.0, "11_DE_73_0": 0.0, "12_LA_73_0": 0.5, "13_CRF-CITY_73_0": 0.0, "14_LA_73_0": 0.5, "15_ROCHELLE_73_0": 0.0, "0_1X_receipt_00099_0": 1.0, "1_S-Ovaltine_receipt_00099_0": 0.0, "2_@22,000_receipt_00099_0": 0.14285714285714285, "3_Macchiat_receipt_00099_0": 0.0, "4_22,000_receipt_00099_0": 0.16666666666666666, "0_Merci_669_1": 0.2, "1_de_669_1": 0.0, "2_votre_669_1": 0.0, "3_visite_669_1": 0.16666666666666666, "4_FREDERIQUE_669_1": 0.2, "5_#_669_1": 1.0, "6_1,_669_1": 0.0, "7_10_669_1": 0.0, "8_1,10_669_1": 0.25, "9_1x_669_1": 0.0, "0_Change_receipt_00444_1": 0.0, "1_1.200_receipt_00444_1": 0.0, "2_Cash_receipt_00444_1": 0.0, "3_54.000_receipt_00444_1": 0.0, "4_52.800_receipt_00444_1": 0.0, "5_Total_receipt_00444_1": 0.0, "6_(10.0%)_receipt_00444_1": 0.14285714285714285, "7_4.800_receipt_00444_1": 0.0, "8_Tax_receipt_00444_1": 0.0, "0_MERCI_287_1": 0.0, "1_VOTRE_287_1": 0.0, "2_DE_287_1": 0.0, "3_VISITE_287_1": 0.0, "4_0101_287_1": 0.25, "5_001_287_1": 1.0, "6_000017_287_1": 0.0, "7_24/01/2017_287_1": 0.0, "8_12:40:03_287_1": 0.0, "9_CB_287_1": 0.0, "10_EMV_287_1": 0.3333333333333333, "11_SANS_287_1": 0.0, "12_CONTACT_287_1": 0.0, "13_EUR_287_1": 0.0, "14_5.42\u20ac_287_1": 0.4, "15_2_287_1": 0.0, "16_ARTICLE_287_1": 0.0, "17_(S)_287_1": 0.6666666666666666, "18_TOTAL_287_1": 0.0, "19_PAYER_287_1": 0.0, "20_A_287_1": 0.0, "21_5.42\u20ac_287_1": 0.4, "22_*SALADE_287_1": 0.14285714285714285, "23_PATE_287_1": 0.0, "24_JBON_287_1": 0.25, "25_3.82\u20ac_287_1": 0.4, "26_*CAROTTE_287_1": 0.25, "27_RAPE_287_1": 0.0, "28_BIO_287_1": 0.0, "29_1.60\u20ac_287_1": 0.4, "0_ _receipt_00303_0": 2.0, "0_CASH_receipt_00677_1": 0.25, "1_50,000_receipt_00677_1": 0.0, "2_1_receipt_00677_1": 1.0, "3_CUSTARD_receipt_00677_1": 0.14285714285714285, "4_BRIC CHE_receipt_00677_1": 0.375, "5_9,000_receipt_00677_1": 0.0, "6_1_receipt_00677_1": 1.0, "7_CHOCO_receipt_00677_1": 0.2, "8_CUSTAF D_receipt_00677_1": 0.375, "9_PASTRY_receipt_00677_1": 0.0, "10_12,000_receipt_00677_1": 0.0, "0_ _receipt_00734_0": 2.0, "0_1_receipt_00174_0": 1.0, "1_Ice_receipt_00174_0": 0.6666666666666666, "2_Kokofie_receipt_00174_0": 0.0, "3_20.000_receipt_00174_0": 0.0, "0_37,000_receipt_00513_1": 0.0, "1_GOPAY_receipt_00513_1": 0.0, "2_37,000_receipt_00513_1": 0.0, "3_Total_receipt_00513_1": 0.0, "4_3,364_receipt_00513_1": 0.0, "5_Tax_receipt_00513_1": 0.0, "6_Subtotal_receipt_00513_1": 0.0, "7_33,636_receipt_00513_1": 0.0, "0_DESCRIPTION_275_0": 0.0, "1_QTE_275_0": 0.3333333333333333, "2_MONTANT_275_0": 0.2857142857142857, "3_:_275_0": 1.0, "4_Tel_275_0": 0.0, "5_ROCHELLE_275_0": 0.0, "6_17000_275_0": 0.2, "7_33_275_0": 0.0, "8_RUE_275_0": 0.0, "9_DE_275_0": 0.0, "10_LA_275_0": 0.0, "11_SCIERIE_275_0": 0.0, "12_CRF-CITY_275_0": 0.0, "13_LA_275_0": 0.5, "14_ROCHELLE_275_0": 0.0, "0_(Nombre_611_0": 0.0, "1_d'articles:_611_0": 0.0, "2_1)_611_0": 1.0, "3_PAPIER_611_0": 0.0, "4_TOILETTE_611_0": 0.0, "5_8_611_0": 0.0, "6_RLX_611_0": 0.0, "7_4.80_611_0": 0.0, "8_Euro_611_0": 0.25, "9_comptant_611_0": 0.0, "10_Facture_611_0": 0.0, "11_au_611_0": 0.0, "12_Tel:_611_0": 0.0, "13_84000_611_0": 0.0, "14_AVIGNON_611_0": 0.14285714285714285, "0_QTE_404_0": 1.0, "1_DESCRIPTION_404_0": 0.0, "2_MONTANT_404_0": 0.14285714285714285, "3_:_404_0": 1.0, "4_Tel_404_0": 0.0, "5_17000_404_0": 0.0, "6_LA_404_0": 0.0, "7_ROCHELLE_404_0": 0.0, "8_33_404_0": 0.0, "9_RUE_404_0": 0.0, "10_DE_404_0": 0.0, "11_LA_404_0": 0.0, "12_SCIERIE_404_0": 0.14285714285714285, "13_CRF-CITY_404_0": 0.125, "14_LA_404_0": 0.0, "15_SCIERIE_404_0": 0.14285714285714285, "0_EN_608_3": 0.0, "1_ME_608_3": 0.0, "2_CONNECTANT_608_3": 0.0, "3_SUR_608_3": 0.0, "4_LE_608_3": 0.0, "5_WEB_608_3": 0.0, "6_JE_608_3": 0.0, "7_ME_608_3": 0.0, "8_FAIS_608_3": 0.0, "9_LIVRER_608_3": 0.0, "10_CHEZ_608_3": 0.0, "11_MOI_608_3": 0.3333333333333333, "12_DIRECTEMENT_608_3": 0.09090909090909091, "13_SUR_608_3": 0.0, "14_LE_608_3": 0.0, "15_SITE_608_3": 0.0, "16_CREEZ_608_3": 0.0, "17_VOTRE_608_3": 0.0, "18_CARTE_608_3": 0.0, "19_CLIENT_608_3": 0.0, "20_04/07/2017_608_3": 0.0, "21_14:55:30_608_3": 0.0, "22_1745_608_3": 0.0, "23_28_608_3": 0.0, "24_216567_608_3": 0.0, "25_16_608_3": 0.5, "0_[145,900]_receipt_00426_1": 0.0, "1_~ BCA_receipt_00426_1": 0.2, "2_EDC_receipt_00426_1": 0.0, "3_GRAND_receipt_00426_1": 0.0, "4_TOTAL_receipt_00426_1": 0.8, "5_RESTAURANT_receipt_00426_1": 0.0, "6_TAX_receipt_00426_1": 0.3333333333333333, "7_13,264_receipt_00426_1": 0.3333333333333333, "8_132,636_receipt_00426_1": 0.14285714285714285, "9_SUB._receipt_00426_1": 1.0, "10_TOTAL_receipt_00426_1": 0.8, "11_28,182_receipt_00426_1": 0.16666666666666666, "12_(KIDS)_receipt_00426_1": 0.0, "13_KITSUNE_receipt_00426_1": 0.2857142857142857, "14_1_receipt_00426_1": 1.0, "15_UDON_receipt_00426_1": 0.0, "16_13,636_receipt_00426_1": 0.0, "17_1_receipt_00426_1": 1.0, "18_EBI_receipt_00426_1": 0.6666666666666666, "19_TEMPURA_receipt_00426_1": 0.14285714285714285, "20_12,727_receipt_00426_1": 0.6666666666666666, "21_1_receipt_00426_1": 1.0, "22_SKEWERED_receipt_00426_1": 0.0, "23_TOFU_receipt_00426_1": 0.0, "24_ROLL_receipt_00426_1": 0.0, "25_12,727_receipt_00426_1": 0.0, "26_1_receipt_00426_1": 1.0, "27_SKEWERED_receipt_00426_1": 0.125, "28_SHUMAI_receipt_00426_1": 0.16666666666666666, "29_0_receipt_00426_1": 2.0, "30_1_receipt_00426_1": 1.0, "31_:-KAKE_receipt_00426_1": 0.16666666666666666, "32_UDON_receipt_00426_1": 0.0, "33_0_receipt_00426_1": 1.0, "34_1_receipt_00426_1": 1.0, "35_:-ABURA_receipt_00426_1": 0.14285714285714285, "36_UDON_receipt_00426_1": 0.25, "37_SPICY_receipt_00426_1": 0.0, "38_54,455_receipt_00426_1": 0.0, "39_1_receipt_00426_1": 1.0, "40_BCA_receipt_00426_1": 0.0, "41_PROMO_receipt_00426_1": 0.2, "42_10,909_receipt_00426_1": 0.8333333333333334, "43_1_receipt_00426_1": 1.0, "44_OCHA_receipt_00426_1": 0.0, "45_COLD_receipt_00426_1": 0.75, "0_BIENTOT_444_2": 0.0, "1_MERCI_444_2": 0.0, "2_DE_444_2": 0.0, "3_VOTRE_444_2": 0.0, "4_VISITE_444_2": 0.0, "5_003_444_2": 0.0, "6_000037_444_2": 0.0, "7_05/03/2017_444_2": 0.0, "8_10:06:33_444_2": 0.125, "0_BIENTOT_164_1": 0.0, "1_A_164_1": 0.0, "2_MERCI_164_1": 0.0, "3_DE_164_1": 0.0, "4_VOTRE_164_1": 0.0, "5_VISITE_164_1": 0.0, "6_0004_164_1": 0.25, "7_003_164_1": 0.0, "8_000118_164_1": 0.0, "9_01/09/2016_164_1": 0.1, "10_12:18:26_164_1": 0.0, "11_BANCAIRE_164_1": 0.0, "12_CARTE_164_1": 0.0, "13_EMV_164_1": 0.0, "14_EUR_164_1": 0.0, "15_77.68\u20ac_164_1": 0.3333333333333333, "16_3_164_1": 0.0, "17_AITICLE_164_1": 0.14285714285714285, "18_(S)_164_1": 0.6666666666666666, "19_TOTAL_164_1": 0.0, "20_A_164_1": 0.0, "21_PAYER_164_1": 0.0, "22_77.68\u20ac_164_1": 0.3333333333333333, "23_VACHE_164_1": 0.0, "24_A_164_1": 1.0, "25_BOIRE_164_1": 0.0, "26_YRT_164_1": 0.0, "27_1.92\u20ac_164_1": 0.4, "28_4X100(_164_1": 0.3333333333333333, "29_DESS.PANACHE_164_1": 0.08333333333333333, "30_8.34\u20ac_164_1": 0.4, "31_240G_164_1": 0.25, "32_SALADE_164_1": 0.16666666666666666, "33_SAUMON_164_1": 0.16666666666666666, "34_4.42\u20ac_164_1": 0.4, "0_Change:_receipt_00566_1": 0.2857142857142857, "1_500.00_receipt_00566_1": 0.3333333333333333, "2_Tendered:_receipt_00566_1": 0.3333333333333333, "3_10.000,00_receipt_00566_1": 0.2222222222222222, "4_Cash_receipt_00566_1": 0.25, "5_Total._receipt_00566_1": 0.0, "6_9.500,00_receipt_00566_1": 0.25, "7_Total_receipt_00566_1": 0.2, "8_Item:_receipt_00566_1": 1.0, "9_1_receipt_00566_1": 1.0, "10_9.500,00_receipt_00566_1": 0.25, "11_x1_receipt_00566_1": 1.0, "12_9.500,00_receipt_00566_1": 0.375, "0_(JARING_receipt_00193_0": 0.0, "1_JALA)_receipt_00193_0": 0.0, "2_TATAKAN_receipt_00193_0": 0.0, "3_MANDI_receipt_00193_0": 0.0, "4_MANDI_receipt_00193_0": 0.0, "5_-_receipt_00193_0": 0.0, "6_125,000_receipt_00193_0": 0.0, "7_500900014_receipt_00193_0": 0.0, "8_(BAK_receipt_00193_0": 0.0, "9_BAK_receipt_00193_0": 0.0, "10_MANDI_receipt_00193_0": 0.0, "11_MANDI_receipt_00193_0": 0.0, "12_BESAR)_receipt_00193_0": 0.0, "13_TAIWAN_receipt_00193_0": 0.0, "0_ _receipt_00168_0": 2.0, "0_ _receipt_00365_0": 14.0, "0_DESCRIPTION_241_0": 0.0, "1_QTE_241_0": 0.6666666666666666, "2_MONTANT_241_0": 0.2857142857142857, "3_Aytre._241_0": 0.16666666666666666, "4_Gargot_241_0": 0.0, "5_17440_241_0": 0.0, "6_Nicolas_241_0": 0.0, "7_Rue_241_0": 0.0, "8_Dimanche_241_0": 0.0, "9_12h30_241_0": 0.0, "10_9h_241_0": 0.5, "11_a_241_0": 0.0, "12_a_241_0": 1.0, "13_20h00_241_0": 0.0, "14_Samedi_241_0": 0.0, "15_de_241_0": 0.0, "16_9h_241_0": 0.5, "17_au_241_0": 0.0, "18_Lundi_241_0": 0.0, "19_0546457320_241_0": 0.0, "20_Tel_241_0": 0.0, "21_Carrefour_241_0": 0.0, "22_market_241_0": 0.0, "23_AYTRE_241_0": 0.0, "0_ _receipt_00377_0": 3.0, "0_8,000_receipt_00272_0": 0.0, "1_8,000_receipt_00272_0": 0.0, "2_1_receipt_00272_0": 1.0, "3_40gr_receipt_00272_0": 0.5, "4_Stick_receipt_00272_0": 0.2, "5_Astor_receipt_00272_0": 0.2, "6_Cokelat_receipt_00272_0": 1.0, "0_J'OPTIMISME_596_2": 0.09090909090909091, "1_17.06.17_596_2": 0.0, "2_17:29_596_2": 0.0, "3_0527148_596_2": 0.0, "4_0020_596_2": 0.0, "5_430_596_2": 0.0, "6_3,90_596_2": 0.25, "0_Closed_X51005301666_2": 0.0, "1_Bill:_X51005301666_2": 0.0, "2_20/11/2017_X51005301666_2": 0.0, "3_04:01:23_X51005301666_2": 0.0, "4_PM_X51005301666_2": 0.0, "5_Qty_X51005301666_2": 0.0, "6_Count_X51005301666_2": 0.0, "7_:_X51005301666_2": 1.0, "8_4.0_X51005301666_2": 0.0, "9_Item_X51005301666_2": 0.5, "10_Count:_X51005301666_2": 0.0, "11_4_X51005301666_2": 0.0, "12_CHANGE:_X51005301666_2": 0.0, "13_RM_X51005301666_2": 0.0, "14_0.00_X51005301666_2": 0.0, "15_CASI,_X51005301666_2": 0.4, "16_RM_X51005301666_2": 0.0, "17_278._X51005301666_2": 0.0, "18_80_X51005301666_2": 0.0, "19_TOT_X51005301666_2": 0.3333333333333333, "20_RM_X51005301666_2": 0.0, "21_278.80_X51005301666_2": 0.0, "22_GST/TAX_X51005301666_2": 0.0, "23_6%_X51005301666_2": 0.0, "24_RM_X51005301666_2": 0.5, "25_15.78_X51005301666_2": 0.2, "26_Service_X51005301666_2": 0.0, "27_Charge_X51005301666_2": 0.0, "28_RM_X51005301666_2": 0.0, "29_0.00_X51005301666_2": 0.0, "30_Item_X51005301666_2": 0.25, "31_Discount_X51005301666_2": 0.0, "32_RM_X51005301666_2": 0.5, "33_0:20_X51005301666_2": 0.0, "34_Total_X51005301666_2": 0.0, "35_Sub_X51005301666_2": 0.0, "36_RM_X51005301666_2": 0.0, "37_02_X51005301666_2": 0.0, "38_263._X51005301666_2": 0.0, "39_0._X51005301666_2": 0.5, "40_UNIT_X51005301666_2": 0.0, "41_CONTRA_X51005301666_2": 0.0, "42_LCNO0211_X51005301666_2": 0.375, "43_RM39._X51005301666_2": 0.0, "44_80_X51005301666_2": 0.0, "45_W_X51005301666_2": 1.0, "46_SR_X51005301666_2": 0.0, "47_1_X51005301666_2": 0.0, "48_1.01)_X51005301666_2": 0.0, "49_=RM_X51005301666_2": 0.6666666666666666, "50_RM_X51005301666_2": 0.0, "51_UNI_X51005301666_2": 0.0, "52_(_X51005301666_2": 0.0, "53_16._X51005301666_2": 0.0, "54_79_X51005301666_2": 0.0, "55_16.99_X51005301666_2": 0.0, "56_*_X51005301666_2": 0.0, "57_1_X51005301666_2": 1.0, "58_METER_X51005301666_2": 0.0, "59_TRACK-BK_X51005301666_2": 0.0, "0_18:30:51_60_2": 0.0, "1_10/09/2015_60_2": 0.0, "2_0104_60_2": 0.0, "3_001_60_2": 0.0, "4_000020_60_2": 0.0, "5_0.15\u20ac_60_2": 0.4, "6_300G_60_2": 0.25, "7_BISCOTT.CRF_60_2": 0.0, "8_Details:_60_2": 0.0, "9_compte_60_2": 0.0, "10_votre_60_2": 0.0, "11_Carrefour._60_2": 0.0, "12_fidelite_60_2": 0.125, "13_0.15\u20ac_60_2": 0.4, "14_vous_60_2": 0.0, "15_auriez_60_2": 0.0, "16_cumule_60_2": 0.0, "17_sur_60_2": 0.0, "18_la_60_2": 0.0, "19_fidelite,_60_2": 0.0, "20_aviez_60_2": 0.0, "21_carte_60_2": 0.0, "22_EUR_60_2": 0.0, "23_23.30\u20ac_60_2": 0.3333333333333333, "24_CARTE_60_2": 0.0, "25_BANCAIRE_60_2": 0.125, "26_EMV_60_2": 0.3333333333333333, "0_MONTHA._266_0": 0.7142857142857143, "1_QTE_266_0": 0.6666666666666666, "2_DESCRIPTION_266_0": 0.18181818181818182, "3_Tel_266_0": 0.0, "4_LA_266_0": 0.0, "5_17000_266_0": 0.0, "6_ROCHELLE_266_0": 0.0, "7_33_266_0": 0.0, "8_RUE_266_0": 0.0, "9_DE_266_0": 0.0, "10_LA_266_0": 0.0, "11_SCIERIE_266_0": 0.0, "12_CRF-CITY_266_0": 0.0, "13_LA_266_0": 0.0, "14_ROCHELLE_266_0": 0.0, "0_A_119_1": 0.0, "1_BIENTOT_119_1": 0.0, "2_MERCI_119_1": 0.0, "3_DE_119_1": 0.0, "4_VOTRE_119_1": 0.0, "5_VISITE_119_1": 0.0, "6_003_119_1": 0.0, "7_0003_119_1": 0.25, "8_000340_119_1": 0.0, "9_08/06/2016_119_1": 0.0, "10_19:14:52_119_1": 0.125, "11_ESPECES_119_1": 0.0, "12_EUR_119_1": 0.0, "13_2.50\u20ac_119_1": 0.0, "14_1_119_1": 0.0, "15_ALTICLE_119_1": 0.14285714285714285, "16_(S)_119_1": 0.6666666666666666, "17_TOTAL_119_1": 0.0, "18_A_119_1": 0.0, "19_PAYER_119_1": 0.0, "20_2.50\u20ac_119_1": 0.4, "21_CIDRE_119_1": 0.0, "22_BOUCHE_119_1": 0.0, "23_BRUT_119_1": 0.0, "24_2.50\u20ac_119_1": 0.4, "0_GST_X51005365187_1": 0.6666666666666666, "1_Total_X51005365187_1": 0.2, "2_0.00_X51005365187_1": 0.0, "3_Discount_X51005365187_1": 0.0, "4_(Excluding_X51005365187_1": 0.0, "5_GST)_X51005365187_1": 0.25, "6_Total_X51005365187_1": 0.0, "7_Sales_X51005365187_1": 0.0, "8_30.68_X51005365187_1": 0.0, "9_Qty_X51005365187_1": 0.3333333333333333, "10_Total_X51005365187_1": 0.0, "11_90_X51005365187_1": 0.5, "12_31_X51005365187_1": 0.0, "13_DETTOL_X51005365187_1": 0.0, "14_50_X51005365187_1": 1.0, "15_ML_X51005365187_1": 1.0, "16_SR_X51005365187_1": 0.0, "17_95506104_X51005365187_1": 0.125, "18_PMS_X51005365187_1": 0.0, "19_GAUZE_X51005365187_1": 0.0, "20_BANDAGE_X51005365187_1": 0.14285714285714285, "21_5CM_X51005365187_1": 0.3333333333333333, "22_SR_X51005365187_1": 0.0, "23_6.50_X51005365187_1": 0.5, "24_PANADOL_X51005365187_1": 0.0, "25_SOLUBLE_X51005365187_1": 0.0, "26_TABLET_X51005365187_1": 0.0, "27_SR_X51005365187_1": 0.0, "28_1014_X51005365187_1": 0.0, "29_YEILOW_X51005365187_1": 0.16666666666666666, "30_LOTION_X51005365187_1": 0.0, "31_MI._X51005365187_1": 0.6666666666666666, "32_9557837400035_X51005365187_1": 0.38461538461538464, "33_1_X51005365187_1": 0.0, "34_ZRL_X51005365187_1": 0.3333333333333333, "35_NAPROXEN_X51005365187_1": 0.0, "36_275_X51005365187_1": 0.0, "37_P.P_X51005365187_1": 0.6666666666666666, "38_NA_X51005365187_1": 0.0, "39_MG_X51005365187_1": 0.0, "40_ZRL_X51005365187_1": 0.0, "41_1486_X51005365187_1": 0.0, "42_HOMECARE_X51005365187_1": 0.0, "43_GASCOAL_X51005365187_1": 0.0, "44_50MG_X51005365187_1": 0.0, "45_955789210525PS_X51005365187_1": 0.14285714285714285, "46_5.66_X51005365187_1": 0.75, "47_6.00_X51005365187_1": 0.75, "48_0.00_X51005365187_1": 0.5, "49_SR_X51005365187_1": 0.0, "50_Qty_X51005365187_1": 0.0, "51_S/Price_X51005365187_1": 0.14285714285714285, "52_Tax_X51005365187_1": 0.0, "53_S/Price_X51005365187_1": 0.2857142857142857, "54_Amount_X51005365187_1": 0.0, "55_Item_X51005365187_1": 0.0, "0_SUPREME_receipt_00044_0": 0.42857142857142855, "1_SC/P_receipt_00044_0": 1.25, "2_SUPER_receipt_00044_0": 0.8, "3_47,273_receipt_00044_0": 0.5, "4_1_receipt_00044_0": 1.0, "5_LIPTON_receipt_00044_0": 0.6666666666666666, "6_54,545_receipt_00044_0": 1.3333333333333333, "7_1_receipt_00044_0": 1.0, "8_PITCHER_receipt_00044_0": 0.7142857142857143, "9_1_receipt_00044_0": 1.0, "10_NEW_receipt_00044_0": 1.3333333333333333, "11_34,545_receipt_00044_0": 0.6666666666666666, "12_ORIENTAL_receipt_00044_0": 0.125, "13_CHK_receipt_00044_0": 0.6666666666666666, "14_RICE_receipt_00044_0": 0.25, "15_CREAMY_receipt_00044_0": 0.5, "16_1_receipt_00044_0": 1.0, "17_BEEF_receipt_00044_0": 0.25, "18_CLS_receipt_00044_0": 1.0, "19_FTC_receipt_00044_0": 1.3333333333333333, "20_42,727_receipt_00044_0": 1.0, "21_CHOCO_receipt_00044_0": 1.0, "22_PUFF_receipt_00044_0": 1.0, "23_1_receipt_00044_0": 1.0, "24_29,091_receipt_00044_0": 1.0, "0_3,000_receipt_00291_1": 0.4, "1_CHANGEDUE_receipt_00291_1": 0.1111111111111111, "2_20,000_receipt_00291_1": 0.3333333333333333, "3_CASHIDR_receipt_00291_1": 0.42857142857142855, "4_17,000_receipt_00291_1": 0.3333333333333333, "5_GRAND TOTAL_receipt_00291_1": 0.36363636363636365, "6_17,000_receipt_00291_1": 0.3333333333333333, "7_SUB TOTAL_receipt_00291_1": 0.2222222222222222, "0_BANCAIRE_131_1": 0.0, "1_14.68\u20ac_131_1": 0.3333333333333333, "2_EUR_131_1": 0.0, "3_CARTE_131_1": 0.0, "4_EMV_131_1": 0.3333333333333333, "5_14.68\u20ac_131_1": 0.3333333333333333, "6_ARTICLE_131_1": 0.0, "7_(S)_131_1": 1.0, "8_TOTAL_131_1": 0.0, "9_A_131_1": 0.0, "10_PAYER_131_1": 0.0, "11_8_131_1": 0.0, "12_0.99\u20ac_131_1": 0.6, "13_TOMATE_131_1": 0.3333333333333333, "14_CERISE_131_1": 0.0, "15_250_131_1": 0.0, "16_BQ_131_1": 0.5, "17_5.68\u20ac_131_1": 0.4, "18_2.84_131_1": 0.25, "19_2x_131_1": 1.5, "20_TRIBAL._131_1": 0.0, "21_PTIT_131_1": 0.0, "22_BILLY_131_1": 0.0, "23_2.35\u20ac_131_1": 0.4, "24_VERTE_131_1": 0.0, "25_FROMAG_131_1": 0.16666666666666666, "26_OLIVE_131_1": 0.0, "27_0.60\u20ac_131_1": 0.4, "28_T45_131_1": 0.6666666666666666, "29_FLU_131_1": 0.0, "30_FARINE_131_1": 0.3333333333333333, "31_BLE_131_1": 0.0, "32_2.12\u20ac_131_1": 0.4, "33_DESSERT_131_1": 0.0, "34_NGIR_131_1": 0.25, "35_2056_131_1": 0.0, "36_1.94\u20ac_131_1": 0.4, "37_TOMATES_131_1": 0.14285714285714285, "38_SCE_131_1": 0.0, "39_190G_131_1": 0.25, "40_1.00\u20ac_131_1": 0.4, "41_BAGUETTE_131_1": 0.0, "42_CRF_131_1": 0.0, "43_GR_131_1": 0.5, "44_250_131_1": 0.0, "45_MONTAHT_131_1": 0.2857142857142857, "46_QTE_131_1": 0.3333333333333333, "47_DESCRIPTION_131_1": 0.0, "0_01/06/2017_678_0": 0.0, "1_12_678_0": 0.5, "2_20_678_0": 0.0, "3_PM_678_0": 0.0, "4_34_678_0": 1.0, "5_Date/Heure:_678_0": 0.09090909090909091, "6_SIRET_678_0": 0.0, "7_110_678_0": 0.0, "8_00010_678_0": 0.6, "9_808_678_0": 0.0, "10_944_678_0": 0.0, "11_17000_678_0": 0.0, "12_La_678_0": 0.5, "13_Rochelle_678_0": 0.0, "14_Becquerel_678_0": 0.0, "15_Henri_678_0": 0.0, "16_Avenue_678_0": 0.0, "17_KING(r)_678_0": 0.0, "0_9.500,00_receipt_00309_0": 0.375, "1_9.500,00_receipt_00309_0": 0.375, "2_x1_receipt_00309_0": 1.0, "3_2005-_receipt_00309_0": 0.4, "4_CHEESE_receipt_00309_0": 0.16666666666666666, "5_JOHN_receipt_00309_0": 1.0, "0_4.58\u20ac_226_1": 0.4, "1_DOLCE_226_1": 0.0, "2_PIZZA_226_1": 0.8, "3_CAPRI_226_1": 0.0, "4_3.92\u20ac_226_1": 0.4, "5_CONFITURE_226_1": 0.0, "6_BIO_226_1": 0.0, "7_FRAI_226_1": 0.25, "8_0.95\u20ac_226_1": 0.4, "9_MOYENNE_226_1": 0.14285714285714285, "10_CLEMENTINE_226_1": 0.3, "11_2.89\u20ac_226_1": 0.6, "12_CAPRICE_226_1": 0.0, "13_DES_226_1": 0.0, "14_DIEUX_226_1": 0.0, "15_1.35\u20ac_226_1": 0.4, "16_BLANCHE_226_1": 0.0, "17_BOULE_226_1": 0.0, "18_1.01\u20ac_226_1": 0.4, "19_BISCOT.HULTI_226_1": 0.0, "20_CEREA_226_1": 0.2, "21_0.50\u20ac_226_1": 0.4, "22_BAGUETTE_226_1": 0.25, "23_250G_226_1": 0.75, "24_0.69\u20ac_226_1": 0.4, "25_AUBERGINE_226_1": 1.0, "26_1.35\u20ac_226_1": 0.4, "27_POMME_226_1": 0.2, "28_POIRE_226_1": 0.0, "29_ANDROS_226_1": 0.0, "30_8X1256_226_1": 0.0, "31_VELOUTE_226_1": 0.0, "32_NAT_226_1": 0.3333333333333333, "33_1.09\u20ac_226_1": 0.6, "34_PAIN_226_1": 0.75, "35_DE_226_1": 0.0, "36_MIE_226_1": 0.3333333333333333, "37_500G_226_1": 0.25, "38_1.29\u20ac_226_1": 0.4, "39_37CL_226_1": 0.5, "40_CORNICHON.E.F_226_1": 0.0, "41_2.97\u20ac_226_1": 0.4, "42_TORTELL.PESTO_226_1": 0.07692307692307693, "43_250G_226_1": 0.25, "44_CROQ'SOJA_226_1": 0.1111111111111111, "45_2.64\u20ac_226_1": 0.4, "46_200G_226_1": 0.25, "47_1KG_226_1": 0.3333333333333333, "48_0.94\u20ac_226_1": 0.6, "49_P.C_226_1": 0.6666666666666666, "50_CR_226_1": 0.5, "51_FUSILLI_226_1": 0.2857142857142857, "52_1.10\u20ac_226_1": 0.4, "53_1/2_226_1": 1.0, "54_RAVIOLI_226_1": 0.14285714285714285, "55_PUR_226_1": 0.0, "56_BF_226_1": 0.0, "0_:_178_2": 2.0, "1_Des_178_2": 0.0, "2_DIMANCHE_178_2": 0.0, "3_9h..._178_2": 0.2, "4_LUNDI-SAMEDI_178_2": 0.08333333333333333, "5_08h-21h_178_2": 0.0, "6_0001_178_2": 0.0, "7_001_178_2": 0.0, "8_000254_178_2": 0.0, "9_19/11/2016_178_2": 0.0, "10_16:56:01_178_2": 0.0, "11_produits_178_2": 0.0, "12_Carrefo_178_2": 0.0, "13_5_178_2": 0.0, "14_%_178_2": 0.0, "15_0.09\u20ac_178_2": 0.4, "0_BORONG_X51005447850_2": 0.0, "1_PINTAR_X51005447850_2": 0.0, "2_SDN_X51005447850_2": 0.0, "3_BHD_X51005447850_2": 0.0, "4_shopping_X51005447850_2": 0.0, "5_you_X51005447850_2": 0.0, "6_Thank_X51005447850_2": 0.0, "7_for_X51005447850_2": 0.0, "8_at_X51005447850_2": 0.0, "9_PASARAYA_X51005447850_2": 0.0, "10_*Goods_X51005447850_2": 0.0, "11_sold_X51005447850_2": 0.0, "12_are_X51005447850_2": 0.0, "13_not_X51005447850_2": 0.0, "14_returnable_X51005447850_2": 0.0, "15_0.00_X51005447850_2": 0.0, "16_ZRL_X51005447850_2": 0.0, "17_0_X51005447850_2": 0.0, "18_3.20_X51005447850_2": 0.25, "19_%_X51005447850_2": 0.0, "20_Summary_X51005447850_2": 0.0, "21_(RM)_X51005447850_2": 0.0, "22_(RM)_X51005447850_2": 0.0, "23_GST_X51005447850_2": 0.0, "24_Amount_X51005447850_2": 0.0, "25_Tax_X51005447850_2": 0.0, "0_VISA_receipt_00456_1": 0.5, "1_BCA:_receipt_00456_1": 0.5, "2_159,638_receipt_00456_1": 0.14285714285714285, "3_Total._receipt_00456_1": 0.16666666666666666, "4_159,638_receipt_00456_1": 0.0, "5_PB1_receipt_00456_1": 1.0, "6_14,513_receipt_00456_1": 0.6666666666666666, "7_charge_receipt_00456_1": 0.0, "8_Service_receipt_00456_1": 0.42857142857142855, "9_10,125_receipt_00456_1": 0.0, "10_ITEMS :_receipt_00456_1": 0.5714285714285714, "11_2_receipt_00456_1": 0.0, "12_135,000_receipt_00456_1": 0.0, "13_ques_receipt_00456_1": 0.25, "14_chic_receipt_00456_1": 0.0, "15_1_receipt_00456_1": 1.0, "16_55,000_receipt_00456_1": 0.3333333333333333, "17_pasta_receipt_00456_1": 0.0, "18_mush_receipt_00456_1": 0.0, "19_80,000_receipt_00456_1": 1.0, "20_1_receipt_00456_1": 2.0, "0_repris_475_2": 0.0, "1_echanges_475_2": 0.0, "2_ni_475_2": 0.0, "3_ni_475_2": 0.0, "4_remercie_475_2": 0.0, "5_votre_475_2": 0.0, "6_visite_475_2": 0.0, "7_de_475_2": 0.0, "8_Vous_475_2": 0.0, "9_MARKET_475_2": 0.0, "10_AYTRE_475_2": 0.2, "11_CARREFOUR_475_2": 0.0, "12_repris_475_2": 0.0, "13_echange_475_2": 0.0, "14_Solde_475_2": 0.0, "15_ni_475_2": 0.0, "16_ni_475_2": 0.0, "17_12:17:15_475_2": 0.0, "18_11/05/2017_475_2": 0.0, "19_000094_475_2": 0.0, "20_0110_475_2": 0.0, "21_009_475_2": 0.0, "22_:_475_2": 2.0, "23_Carte_475_2": 0.0, "24_18.59\u20ac_475_2": 0.3333333333333333, "25_EUR_475_2": 0.0, "26_BANCAIRE_475_2": 0.0, "27_EMV_475_2": 0.0, "28_CARTE_475_2": 0.0, "0_0_receipt_00117_1": 2.0, "1_Kembalian_receipt_00117_1": 0.0, "2_60000_receipt_00117_1": 0.0, "3_Tunai_receipt_00117_1": 0.0, "4_(0%)_receipt_00117_1": 0.0, "5_Discount_receipt_00117_1": 0.0, "6_60000_receipt_00117_1": 0.2, "7_Sub_receipt_00117_1": 0.0, "8_Total_receipt_00117_1": 0.0, "0_CARTE_135_1": 0.0, "1_BANCAIRE_135_1": 0.0, "2_EMV_135_1": 0.3333333333333333, "3_EUR_135_1": 0.0, "4_13.03\u20ac_135_1": 0.3333333333333333, "5_8_135_1": 0.0, "6_ARTICLE_135_1": 0.0, "7_(S)_135_1": 0.6666666666666666, "8_TOTAL_135_1": 0.0, "9_PAYER_135_1": 0.0, "10_A_135_1": 0.0, "11_133.03\u20ac_135_1": 0.2857142857142857, "12_JBN_135_1": 0.0, "13_PARIS_135_1": 0.2, "14_CRF_135_1": 0.0, "15_6TR._135_1": 0.25, "16_2.69\u20ac_135_1": 0.4, "17_EMMENTAL_135_1": 0.25, "18_RAPE_135_1": 0.0, "19_CRF_135_1": 0.0, "20_1.57\u20ac_135_1": 0.4, "21_BISCOTTE_135_1": 0.0, "22_HEUDEBERT_135_1": 0.0, "23_1.62\u20ac_135_1": 0.4, "24_BISC.PT_135_1": 0.0, "25_DEJ.CRF_135_1": 0.0, "26_1.64\u20ac_135_1": 0.4, "27_BAGUETTE_135_1": 0.0, "28_250G_135_1": 0.25, "29_0.84\u20ac_135_1": 0.4, "30_500G_135_1": 0.25, "31_PAIN_135_1": 0.5, "32_DE_135_1": 0.0, "33_MIE_135_1": 0.3333333333333333, "34_1.17\u20ac_135_1": 0.4, "35_2006_135_1": 0.0, "36_SCE_135_1": 0.0, "37_POMODORO_135_1": 0.25, "38_1.95\u20ac_135_1": 0.4, "39_200G_135_1": 0.25, "40_COOKIES_135_1": 0.0, "41_BIO_135_1": 0.6666666666666666, "42_1.55\u20ac_135_1": 0.4, "0_ _receipt_00668_0": 2.0, "0_DESCRIPTION_86_0": 0.0, "1_QTE_86_0": 0.0, "2_MONTANT_86_0": 0.2857142857142857, "3_:_86_0": 1.0, "4_Tel_86_0": 0.0, "5_17000_86_0": 0.0, "6_LA_86_0": 0.0, "7_ROCHELLE_86_0": 0.0, "8_33_86_0": 0.0, "9_RUE_86_0": 0.0, "10_SCIERIE_86_0": 0.14285714285714285, "11_DE_86_0": 0.0, "12_LA_86_0": 0.0, "13_CRF-CITY_86_0": 0.0, "14_LA_86_0": 0.0, "15_ROCHELLE_86_0": 0.0, "0_Change_X51005447842_1": 0.0, "1_4.10_X51005447842_1": 0.0, "2_5.00_X51005447842_1": 0.0, "3_Cash_X51005447842_1": 0.0, "4_Payment_X51005447842_1": 0.0, "5_Customer's_X51005447842_1": 0.0, "6_0.90_X51005447842_1": 0.25, "7_Includes_X51005447842_1": 0.0, "8_0%_X51005447842_1": 0.0, "9_GST_X51005447842_1": 0.0, "10_Total_X51005447842_1": 0.0, "11_Qty:_X51005447842_1": 0.75, "12_*Total_X51005447842_1": 0.0, "13_0.90_X51005447842_1": 0.0, "14_1.00_X51005447842_1": 0.0, "15_0.90_X51005447842_1": 0.25, "16_ZRL_X51005447842_1": 0.0, "17_0.90_X51005447842_1": 0.25, "18_0.90_X51005447842_1": 0.25, "19_WALK_X51005447842_1": 0.0, "20_1_X51005447842_1": 0.0, "21_CR-CORN_X51005447842_1": 0.0, "22_GB_X51005447842_1": 0.0, "23_Code_X51005447842_1": 0.0, "24_Tax_X51005447842_1": 0.0, "25_Tax_X51005447842_1": 0.0, "26_Price_X51005447842_1": 0.0, "27_GST_X51005447842_1": 0.0, "28_UNITAmt_X51005447842_1": 0.0, "29_Exc._X51005447842_1": 0.25, "30_Amt_X51005447842_1": 0.0, "31_Inc._X51005447842_1": 0.25, "32_QTY_X51005447842_1": 0.6666666666666666, "33_UOM_X51005447842_1": 1.0, "34_CASHIER:_X51005447842_1": 0.125, "35_1_X51005447842_1": 0.0, "36_COUNTER_X51005447842_1": 0.0, "37_3_X51005447842_1": 0.0, "38_TRN:_X51005447842_1": 0.25, "0_/kg_713_0": 0.0, "1_kg_713_0": 0.5, "2_Num_713_0": 0.0, "3_Ticket_713_0": 0.0, "4_:_713_0": 2.0, "5_13_713_0": 0.0, "6_Vendeur:_713_0": 0.125, "7_2_713_0": 0.0, "8_CHRISTOPHE_713_0": 0.0, "9_Balance:_713_0": 0.0, "10_1_713_0": 0.0, "11_Client:_713_0": 0.0, "12_12_713_0": 0.0, "13_TEL_713_0": 0.0, "14_05_713_0": 0.5, "15_46_713_0": 0.0, "16_45_713_0": 0.0, "17_90_713_0": 0.0, "18_80_713_0": 0.0, "19_17_713_0": 1.0, "20_690_713_0": 0.0, "21_SUR_713_0": 0.0, "22_MER_713_0": 0.0, "23_LES_713_0": 0.0, "24_SERRES_713_0": 0.0, "25_DES_713_0": 0.0, "26_ANGLOIS_713_0": 0.0, "0_KEMBALI_receipt_00004_1": 0.42857142857142855, "1_2.000_receipt_00004_1": 0.2, "2_TUNAI_receipt_00004_1": 0.6, "3_50.000_receipt_00004_1": 0.16666666666666666, "4_GRAND_receipt_00004_1": 0.2, "5_TOTAL_receipt_00004_1": 0.0, "6_48.000_receipt_00004_1": 0.16666666666666666, "7_TAX_receipt_00004_1": 0.6666666666666666, "8_10.00_receipt_00004_1": 0.0, "9_%_receipt_00004_1": 3.0, "10_4.364_receipt_00004_1": 0.4, "11_TOTAL_receipt_00004_1": 0.0, "12_43.636_receipt_00004_1": 0.3333333333333333, "13_BASO_receipt_00004_1": 1.0, "14_BIHUN_receipt_00004_1": 0.8, "15_1_receipt_00004_1": 1.0, "16_43.636_receipt_00004_1": 0.3333333333333333, "17_43.636_receipt_00004_1": 0.5, "0_repris_503_3": 0.0, "1_echange_503_3": 0.0, "2_ni_503_3": 0.0, "3_Solde_503_3": 0.0, "4_ni_503_3": 0.0, "5_31/03/2017_503_3": 0.0, "6_0122_503_3": 0.0, "7_011_503_3": 1.0, "8_000301_503_3": 0.16666666666666666, "9_18:31:07_503_3": 0.125, "10_Carte_503_3": 0.0, "11_:_503_3": 1.0, "12_BANCAIRE_503_3": 0.0, "13_EMV_503_3": 0.0, "14_EUR_503_3": 0.0, "15_66.60\u20ac_503_3": 0.3333333333333333, "16_CARTE_503_3": 0.0, "17_ARTICLE_503_3": 0.0, "18_(S)_503_3": 0.6666666666666666, "19_TOTAL_503_3": 0.0, "20_A_503_3": 0.0, "21_PAYER_503_3": 0.0, "22_66.60\u20ac_503_3": 0.3333333333333333, "23_25_503_3": 0.5, "24_AVANTAGES_503_3": 0.2222222222222222, "25_DU_503_3": 1.0, "26_JOUR_503_3": 0.0, "27_-3.96\u20ac_503_3": 0.5, "28_TOTAL_503_3": 0.0, "29_DES_503_3": 0.0, "30_REMISES_503_3": 0.14285714285714285, "31_IMMEDIATES_503_3": 0.3, "32_-3.96\u20ac_503_3": 0.5, "33_TOTAL_503_3": 0.0, "0_-3.19\u20ac_541_1": 0.3333333333333333, "1_Votre_541_1": 0.0, "2_Monnaie_541_1": 0.0, "3_10.00\u20ac_541_1": 0.3333333333333333, "4_EUR_541_1": 0.0, "5_ESPECES_541_1": 0.0, "6_6.81\u20ac_541_1": 0.4, "7_(S)_541_1": 1.0, "8_PAYER_541_1": 0.0, "9_ARTICLE_541_1": 0.0, "10_TOTAL_541_1": 0.0, "11_A_541_1": 0.0, "12_4_541_1": 0.0, "13_3.65\u20ac_541_1": 0.4, "14_*POULET_541_1": 0.2857142857142857, "15_NOIR_541_1": 0.25, "16_CHAMP_541_1": 0.2, "17_2.50\u20ac/kg_541_1": 0.25, "18_0.192kg_541_1": 0.42857142857142855, "19_x_541_1": 0.0, "20_0.48\u20ac_541_1": 0.4, "21_POMME_541_1": 0.4, "22_ROUGE_541_1": 0.0, "23_*F_541_1": 0.0, "24_1.08\u20ac_541_1": 0.4, "25_80%_541_1": 0.0, "26_*80G_541_1": 0.5, "27_CHOC_541_1": 0.5, "28_NOIR_541_1": 0.0, "29_1.60\u20ac_541_1": 0.4, "30_CAROTTE_541_1": 0.0, "31_BI_541_1": 0.0, "32_*200G_541_1": 0.4, "33_RAPE_541_1": 0.0, "0_CHANGE_receipt_00007_1": 0.0, "1_13,700_receipt_00007_1": 0.0, "2_CASH_receipt_00007_1": 0.0, "3_50,000_receipt_00007_1": 0.0, "4_TOTAL_receipt_00007_1": 0.0, "5_36,300_receipt_00007_1": 0.0, "6_TAX_receipt_00007_1": 0.0, "7_10%_receipt_00007_1": 0.0, "8_3,300_receipt_00007_1": 0.0, "0_ _receipt_00559_0": 3.0, "0_Merci_673_3": 0.0, "1_de_673_3": 0.0, "2_votre_673_3": 0.0, "3_visite_673_3": 0.0, "4_ou_673_3": 0.0, "5_pour_673_3": 0.0, "6_echange_673_3": 0.0, "7_jours_673_3": 0.0, "8_avoir_673_3": 0.0, "9_sous_673_3": 0.25, "10_15_673_3": 0.0, "11_reprise_673_3": 0.0, "12_possible_673_3": 0.0, "13_articles_673_3": 0.0, "14_des_673_3": 0.0, "0_0005_420_1": 0.75, "1_003_420_1": 0.0, "2_000113_420_1": 0.0, "3_27/03/2017_420_1": 0.0, "4_12:48:01_420_1": 0.0, "5_CB_420_1": 0.5, "6_EMV_420_1": 0.3333333333333333, "7_SANS_420_1": 0.0, "8_CONTACT_420_1": 0.0, "9_EUR_420_1": 0.0, "10_8.08\u20ac_420_1": 0.4, "11_ATICLE(S)_420_1": 0.1111111111111111, "12_5_420_1": 0.0, "13_TOTAL_420_1": 0.8, "14_A_420_1": 0.0, "15_PAYER_420_1": 0.0, "16_8.08\u20ac_420_1": 0.4, "17_EAU_420_1": 0.6666666666666666, "18_CRISTALINE_420_1": 0.2, "19_X6_420_1": 0.5, "20_1.20\u20ac_420_1": 0.4, "21_0.405kg_420_1": 0.2857142857142857, "22_2.95\u20ac/kg_420_1": 0.0, "23_x_420_1": 2.0, "24_*CLEMENTINE_420_1": 0.2727272727272727, "25_1.19\u20ac_420_1": 0.6, "26_RAPE_420_1": 0.0, "27_BIO_420_1": 0.0, "28_1.60\u20ac_420_1": 0.4, "29_*CAROT_420_1": 1.0, "30_E_420_1": 0.0, "31_1.95\u20ac/kg_420_1": 0.875, "32_0.180kg_420_1": 0.0, "33_x_420_1": 2.0, "34_0.35\u20ac_420_1": 0.4, "35_BANANI_420_1": 0.5, "36_3.74\u20ac_420_1": 0.4, "37_LDE_420_1": 0.3333333333333333, "38_ROMA_420_1": 1.0, "39_JBN_420_1": 0.6666666666666666, "40_320G_420_1": 0.25, "0_0011_556_1": 1.0, "1_001_556_1": 0.3333333333333333, "2_16/06/2017_556_1": 0.0, "3_000276_556_1": 0.0, "4_21:25:41_556_1": 0.0, "5_CB_556_1": 0.5, "6_EMV_556_1": 0.0, "7_SANS_556_1": 0.0, "8_CONTACT_556_1": 0.0, "9_EUR_556_1": 0.0, "10_2.03\u20ac_556_1": 0.4, "11_2_556_1": 0.0, "12_ARTICLE_556_1": 0.0, "13_(S)_556_1": 0.6666666666666666, "14_TOTAL_556_1": 0.0, "15_A_556_1": 0.0, "16_PAYER_556_1": 0.0, "17_5.68\u20ac_556_1": 0.4, "18_0.880kg_556_1": 0.0, "19_1.70\u20ac/kg_556_1": 0.0, "20_x_556_1": 0.0, "21_*PDT_556_1": 0.25, "22_URAC_556_1": 0.25, "23_1.50\u20ac_556_1": 0.4, "24_0.375kg_556_1": 0.0, "25_x_556_1": 1.0, "26_1.40\u20ac/kg_556_1": 0.0, "27_CAROTTES_556_1": 0.125, "28_0.53\u20ac_556_1": 0.4, "29_DESCRIPTION_556_1": 0.0, "30_QTE_556_1": 1.0, "31_MONTANT_556_1": 0.14285714285714285, "0_ _723_5": 2.0, "0_CHANGE_receipt_00462_1": 0.0, "1_24,000_receipt_00462_1": 0.0, "2_CASH_receipt_00462_1": 0.0, "3_50,000_receipt_00462_1": 0.3333333333333333, "4_TOTAL_receipt_00462_1": 0.0, "5_26,000_receipt_00462_1": 0.16666666666666666, "6_1.00xITEMS_receipt_00462_1": 0.6, "7_26,000_receipt_00462_1": 0.6666666666666666, "0_ _receipt_00213_0": 2.0, "0_Cash_receipt_00738_1": 0.5, "1_Rp. 29,500_receipt_00738_1": 0.5, "2_29,500_receipt_00738_1": 0.5, "3_Dine_receipt_00738_1": 0.5, "4_In_receipt_00738_1": 1.0, "5_Total_receipt_00738_1": 0.4, "6_2,682_receipt_00738_1": 0.6, "7_PB1_receipt_00738_1": 0.6666666666666666, "8_(10%)_receipt_00738_1": 1.0, "9_26,818_receipt_00738_1": 0.8333333333333334, "10_Subtotal_receipt_00738_1": 0.125, "11_5,000_receipt_00738_1": 0.6, "12_K11_receipt_00738_1": 1.0, "13_CHOCO_receipt_00738_1": 1.0, "14_1217_receipt_00738_1": 1.0, "15_7,273_receipt_00738_1": 0.8, "16_COKE_receipt_00738_1": 1.0, "17_REGULAR_receipt_00738_1": 0.14285714285714285, "18_14,545_receipt_00738_1": 1.0, "19_MEDIUM_receipt_00738_1": 0.8333333333333334, "20_FRIES_receipt_00738_1": 0.4, "0_2_627_1": 0.0, "1_Article(+)_627_1": 0.0, "2_2_627_1": 0.0, "3_TOTAL:_627_1": 0.0, "4_4,50_627_1": 0.5, "5_560_627_1": 0.3333333333333333, "6_2,52_627_1": 0.25, "7_CERISE_627_1": 0.0, "8_4,50_627_1": 0.0, "9_1,95_627_1": 0.25, "10_2,310_627_1": 0.2, "11_/kg_627_1": 0.3333333333333333, "12_kg_627_1": 0.5, "13_\u20ac_627_1": 0.0, "0_22,000_receipt_00723_1": 0.0, "1_CHANGE_receipt_00723_1": 0.16666666666666666, "2_DUE_receipt_00723_1": 0.0, "3_50,000_receipt_00723_1": 0.0, "4_IDR_receipt_00723_1": 0.3333333333333333, "5_CASH_receipt_00723_1": 0.25, "6_GRAND_receipt_00723_1": 0.0, "7_TOTAL_receipt_00723_1": 0.0, "8_28,000_receipt_00723_1": 0.16666666666666666, "9_TOTAL_receipt_00723_1": 0.0, "10_SUB_receipt_00723_1": 0.3333333333333333, "11_28,000_receipt_00723_1": 0.16666666666666666, "0_(S)_242_2": 0.6666666666666666, "1_23_242_2": 0.5, "2_ARTICLE_242_2": 0.0, "3_TOTAL_242_2": 0.0, "4_A_242_2": 0.0, "5_40.42\u20ac_242_2": 0.3333333333333333, "6_PAYER_242_2": 0.0, "7_/_242_2": 1.0, "8_/_242_2": 1.0, "9_TOTAL_242_2": 0.2, "10_BEAUTE_242_2": 0.0, "11_SANTE_242_2": 0.0, "12_HYGIENE_242_2": 0.0, "13_1.78\u20ac_242_2": 0.4, "14_1.78\u20ac_242_2": 0.4, "15_6RLX_242_2": 0.25, "16_PAP.HYG.2PL.0_242_2": 0.07692307692307693, "17_TOTAL_242_2": 0.0, "18_ALIMENTAIRE_242_2": 0.2727272727272727, "19_38.64\u20ac_242_2": 0.3333333333333333, "20_0.99\u20ac_242_2": 0.6, "21_*TOMATE_242_2": 0.14285714285714285, "22_CERISE_242_2": 0.0, "23_IMP_242_2": 1.0, "24_BANANE_242_2": 0.0, "25_*ST_242_2": 1.0, "26_P.PRIX_242_2": 0.16666666666666666, "27_1.17\u20ac_242_2": 0.4, "28_P.PRIX_242_2": 0.0, "29_BANANE_242_2": 0.16666666666666666, "30_1.01\u20ac_242_2": 0.0, "31_*PASTIN_242_2": 0.0, "32_MULTICEREAL_242_2": 0.09090909090909091, "33_1.90\u20ac_242_2": 0.4, "34_*ORANGE_242_2": 0.14285714285714285, "35_FEUILLE_242_2": 0.0, "36_2.02\u20ac_242_2": 0.4, "37_0.89\u20ac_242_2": 0.4, "38_*LITCHI_242_2": 0.0, "39_VRAC_242_2": 0.25, "0_17,000_receipt_00050_1": 0.16666666666666666, "1_CG_receipt_00050_1": 1.5, "2_50,000_receipt_00050_1": 0.0, "3_CASH_receipt_00050_1": 0.25, "4_TL_receipt_00050_1": 1.0, "5_10%_receipt_00050_1": 0.0, "6_3,000_receipt_00050_1": 0.2, "7_TAX_receipt_00050_1": 0.3333333333333333, "8_SUBTOTAL_receipt_00050_1": 0.125, "9_30,000_receipt_00050_1": 0.16666666666666666, "10_JELLY_receipt_00050_1": 0.2, "11_GRAPE_receipt_00050_1": 0.2, "12_13,000_receipt_00050_1": 0.3333333333333333, "13_20,000_receipt_00050_1": 0.0, "14_MOUSSE_receipt_00050_1": 0.0, "15_CHO_receipt_00050_1": 0.0, "0_MERCI_429_1": 0.0, "1_DE_429_1": 0.0, "2_VOTRE_429_1": 0.0, "3_VISITE_429_1": 0.0, "4_0001_429_1": 1.0, "5_004_429_1": 0.0, "6_000581_429_1": 0.16666666666666666, "7_24/03/2018_429_1": 0.0, "8_19:21:18_429_1": 0.0, "9_CARTE_429_1": 0.0, "10_BANCAIRE_429_1": 0.0, "11_EMV_429_1": 0.0, "12_EUR_429_1": 0.0, "13_14.11\u20ac_429_1": 0.3333333333333333, "14_6_429_1": 0.0, "15_ARTICLE_429_1": 0.0, "16_(S)_429_1": 1.0, "17_TOTAL_429_1": 0.0, "18_PAYER_429_1": 0.0, "19_A_429_1": 0.0, "20_14.11\u20ac_429_1": 0.3333333333333333, "21_*CRISTALINE_429_1": 0.0, "22_1.5L_429_1": 0.25, "23_2x_429_1": 1.0, "24_0.20_429_1": 0.0, "25_0.40\u20ac_429_1": 0.4, "26_*BP_429_1": 1.0, "27_1L_429_1": 0.5, "28_LAIT_429_1": 0.0, "29_1/2ECRE_429_1": 0.14285714285714285, "30_2x_429_1": 0.5, "31_0.86_429_1": 0.5, "32_1.72\u20ac_429_1": 0.4, "33_250_429_1": 0.0, "34_GR_429_1": 0.0, "35_BAGUETTE_429_1": 0.0, "36_CRF_429_1": 0.0, "37_1.00\u20ac_429_1": 0.4, "0_MONTANT_366_0": 0.14285714285714285, "1_QTE_366_0": 0.3333333333333333, "2_DESCRIPTION_366_0": 0.09090909090909091, "3_:_366_0": 2.0, "4_Tel_366_0": 0.0, "5_ROCHELLE_366_0": 0.0, "6_17000_366_0": 0.0, "7_LA_366_0": 0.0, "8_SCIERIE_366_0": 0.0, "9_RUE_366_0": 0.0, "10_DE_366_0": 0.0, "11_LA_366_0": 0.0, "12_33_366_0": 0.0, "13_ROCHELLE_366_0": 0.0, "14_CRF-CITY_366_0": 0.0, "15_LA_366_0": 0.0, "0_A_140_2": 0.0, "1_BIENTOT_140_2": 0.0, "0_A_504_2": 0.0, "1_BIENTOT_504_2": 0.0, "2_remercie_504_2": 0.0, "3_de_504_2": 0.0, "4_votre_504_2": 0.0, "5_visite_504_2": 0.0, "6_Vous_504_2": 0.0, "7_CARREFOUR_504_2": 0.0, "8_AYTRE_504_2": 0.0, "9_MARKET_504_2": 0.0, "10_24/09/2016_504_2": 0.0, "11_17:12:35_504_2": 0.125, "12_000371_504_2": 0.0, "13_002_504_2": 0.0, "14_0123_504_2": 0.0, "0_CLIENT_678_2": 0.0, "1_LFA_678_2": 0.0, "2_9.40_678_2": 0.25, "3_ESTIME_678_2": 0.0, "4_LF_678_2": 0.0, "5_9.40_678_2": 0.0, "6_information_678_2": 0.0, "7_:LF_678_2": 0.3333333333333333, "8_9.40_678_2": 0.0, "9_EURLFPour_678_2": 0.1111111111111111, "10_LFMONTANT_678_2": 0.0, "11_REEL_678_2": 0.0, "12_LF_678_2": 0.0, "13_000018_678_2": 0.0, "14_02_678_2": 0.0, "15_C_678_2": 1.0, "16_LF_678_2": 0.0, "17_8089441_678_2": 0.7142857142857143, "18_LF5930729_678_2": 0.0, "19_PERIGNY_678_2": 0.0, "20_LFLE_678_2": 0.0, "21_01/06/17_678_2": 0.125, "22_12:33_678_2": 0.2, "23_55LFBURGER_678_2": 0.1, "24_KING_678_2": 0.0, "25_LF1_678_2": 0.6666666666666666, "26_CARTE_678_2": 0.0, "27_BANCAIRE_678_2": 0.0, "28_bkvousecoute_678_2": 0.0, "29_www_678_2": 0.6666666666666666, "30_fr_678_2": 0.0, "31_Completez_678_2": 0.1111111111111111, "32_questionnaire_678_2": 0.0, "33_notre_678_2": 0.0, "34_satisfaction_678_2": 0.0, "35_de_678_2": 0.0, "36_sur_678_2": 0.0, "37_Merci_678_2": 0.0, "38_Kiosk_678_2": 0.0, "39_K3_678_2": 0.0, "40_Order_678_2": 0.0, "41_Tillster_678_2": 0.0, "42_ID:_678_2": 0.3333333333333333, "43_453_678_2": 0.0, "0_votre_641_3": 0.2, "1_E.LECLERC._641_3": 0.0, "2_carte_641_3": 0.0, "3_l'operation_641_3": 0.09090909090909091, "4_et_641_3": 0.5, "5_sur_641_3": 0.0, "6_presentation_641_3": 0.08333333333333333, "7_de_641_3": 0.0, "8_magasins_641_3": 0.25, "9_E.LECLERC_641_3": 0.1111111111111111, "10_participant_641_3": 0.0, "11_vas_641_3": 0.3333333333333333, "12_prochains_641_3": 0.1111111111111111, "13_achats_641_3": 0.16666666666666666, "14_dans_641_3": 0.0, "15_tous_641_3": 0.0, "16_les_641_3": 0.3333333333333333, "17_Ce_641_3": 0.5, "18_CUMUL_641_3": 0.4, "19_DISPONIBLE_641_3": 0.0, "20_est_641_3": 0.0, "21_a_641_3": 1.0, "22_valoir_641_3": 0.0, "23_sur_641_3": 0.0, "24_:_641_3": 1.0, "25_CUMUL_641_3": 0.2, "26_DISPONIBLE_641_3": 0.0, "27_AU_641_3": 0.0, "28_15/06/17_641_3": 0.125, "29_13.07_641_3": 0.2, "30_\u20ac_641_3": 1.0, "31_0.50_641_3": 0.0, "32_Vous_641_3": 0.0, "33_venez_641_3": 0.2, "34_d'obtenir_641_3": 0.0, "35_\u20ac_641_3": 0.0, "36_Marque_641_3": 0.5, "37_repere_641_3": 0.0, "38_0.50_641_3": 0.0, "39_\u20ac_641_3": 2.0, "40_avantages_641_3": 0.2222222222222222, "41_Detail_641_3": 0.0, "42_des_641_3": 0.3333333333333333, "43_obtenus_641_3": 0.14285714285714285, "44_:_641_3": 1.0, "45_carte_641_3": 0.2, "46_Avec_641_3": 0.75, "47_la_641_3": 0.5, "48_E.Leclerc_641_3": 0.1111111111111111, "0_16,363_receipt_00762_0": 0.6666666666666666, "1_SubTotal:_receipt_00762_0": 0.0, "2_16,363_receipt_00762_0": 0.0, "3_Spicy_receipt_00762_0": 0.0, "4_Tuna_receipt_00762_0": 0.25, "5_1_receipt_00762_0": 1.0, "0_A_79_2": 0.0, "1_BIENTOT_79_2": 0.0, "2_MERCI_79_2": 0.0, "3_DE_79_2": 0.0, "4_VOTRE_79_2": 0.0, "5_VISITE_79_2": 0.0, "6_0003_79_2": 0.25, "7_19:10:34_79_2": 0.0, "8_003_79_2": 0.0, "9_000761_79_2": 0.0, "10_12/12/2016_79_2": 0.1, "0_ _receipt_00583_0": 1.0, "0_2_receipt_00655_0": 0.0, "1_17,000_receipt_00655_0": 0.16666666666666666, "2_34,000_receipt_00655_0": 0.16666666666666666, "3_12,000_receipt_00655_0": 0.3333333333333333, "4_12,000_receipt_00655_0": 0.16666666666666666, "5_1_receipt_00655_0": 1.0, "0_Tel_2_0": 0.0, "1_17000_2_0": 0.0, "2_LA_2_0": 0.0, "3_ROCHELLE_2_0": 0.0, "4_33_2_0": 0.0, "5_RUE_2_0": 0.0, "6_DE_2_0": 0.0, "7_LA_2_0": 0.0, "8_SCIERIE_2_0": 0.14285714285714285, "9_ROCHELLE_2_0": 0.0, "10_CRF-CITY_2_0": 0.0, "11_LA_2_0": 0.0, "0_ _receipt_00067_0": 0.0, "0_APPLE_receipt_00239_0": 0.8, "1_PIE_receipt_00239_0": 0.0, "2_11,000_receipt_00239_0": 0.0, "3_1_receipt_00239_0": 2.0, "4_17,500_receipt_00239_0": 0.16666666666666666, "5_1_receipt_00239_0": 1.0, "6_PREMIUM_receipt_00239_0": 1.0, "7_MILK_receipt_00239_0": 0.5, "8_PAN_receipt_00239_0": 0.0, "9_BREAD_receipt_00239_0": 0.0, "10_[MD]_receipt_00239_0": 1.0, "11_MINI_receipt_00239_0": 0.5, "12_CASTELLA_receipt_00239_0": 0.5, "13_11,000_receipt_00239_0": 0.0, "14_1_receipt_00239_0": 1.0, "15_CHOCOL_receipt_00239_0": 0.0, "16_46,000_receipt_00239_0": 0.0, "17_2_receipt_00239_0": 0.0, "18_DARK_receipt_00239_0": 0.75, "19_CHOCOLATE_receipt_00239_0": 0.1111111111111111, "20_MUFFIN_receipt_00239_0": 0.16666666666666666, "21_1_receipt_00239_0": 1.0, "22_BANANA_receipt_00239_0": 0.16666666666666666, "23_DONUT_receipt_00239_0": 0.8, "24_11,000_receipt_00239_0": 0.16666666666666666, "25_TWIST_receipt_00239_0": 0.2, "26_DONUT_receipt_00239_0": 0.2, "27_9,000_receipt_00239_0": 0.6, "28_1_receipt_00239_0": 1.0, "0_DESCRIPTION_11_0": 0.0, "1_QTE_11_0": 1.0, "2_NONTANT_11_0": 0.42857142857142855, "3_Tel_11_0": 0.0, "4_17000_11_0": 0.0, "5_LA_11_0": 0.0, "6_ROCHELLE_11_0": 0.0, "7_RUE_11_0": 0.0, "8_33_11_0": 0.0, "9_DE_11_0": 0.0, "10_LA_11_0": 0.0, "11_SCIERIE_11_0": 0.0, "12_CRF-CITY_11_0": 0.0, "13_LA_11_0": 0.5, "14_ROCHELLE_11_0": 0.0, "0_Rp.34.000_receipt_00449_1": 1.0, "1_Change_receipt_00449_1": 0.8333333333333334, "2_Rp. 100.000_receipt_00449_1": 1.0, "3_Cash_receipt_00449_1": 0.75, "4_66,000_receipt_00449_1": 1.0, "5_Total_receipt_00449_1": 1.0, "6_In_receipt_00449_1": 1.0, "7_Dine_receipt_00449_1": 1.0, "8_6,000_receipt_00449_1": 1.0, "9_(10%)_receipt_00449_1": 1.0, "10_60.000_receipt_00449_1": 1.0, "11_PB1_receipt_00449_1": 0.6666666666666666, "12_Subtotal_receipt_00449_1": 1.0, "13_10,000_receipt_00449_1": 1.0, "14_TEA_receipt_00449_1": 0.6666666666666666, "15_LEMON_receipt_00449_1": 0.8, "16_MED_receipt_00449_1": 0.6666666666666666, "17_ICED_receipt_00449_1": 0.5, "18_25.000_receipt_00449_1": 1.0, "19_REG_receipt_00449_1": 0.6666666666666666, "20_ML_receipt_00449_1": 1.0, "21_KINGBBOBPG_receipt_00449_1": 1.0, "22_25,000_receipt_00449_1": 1.0, "23_BURGER_receipt_00449_1": 0.5, "24_R_receipt_00449_1": 1.0, "25_CHEESE_receipt_00449_1": 0.5, "26_DEAL_receipt_00449_1": 0.75, "27_KING_receipt_00449_1": 1.0, "0_Again.****_X00016469670_2": 0.4, "1_****Thank_X00016469670_2": 0.5555555555555556, "2_You._X00016469670_2": 0.0, "3_Please_X00016469670_2": 0.0, "4_Come_X00016469670_2": 0.0, "5_Refundable_X00016469670_2": 0.0, "6_Goods_X00016469670_2": 0.0, "7_Sold_X00016469670_2": 0.0, "8_Are_X00016469670_2": 0.0, "9_Not_X00016469670_2": 0.0, "10_Returnable_X00016469670_2": 0.0, "11_&_X00016469670_2": 0.0, "12_Approval_X00016469670_2": 0.125, "13_Code:000_X00016469670_2": 0.125, "0_No._X51005230659_0": 0.3333333333333333, "1_(GST_X51005230659_0": 0.0, "2_ID_X51005230659_0": 0.0, "3_INVOICE_X51005230659_0": 0.14285714285714285, "4_TAX_X51005230659_0": 0.0, "5_:_X51005230659_0": 0.0, "6_Tel_X51005230659_0": 0.0, "7_03-6057_X51005230659_0": 0.0, "8_1377_X51005230659_0": 0.0, "9_Batang_X51005230659_0": 0.0, "10_Kali,_X51005230659_0": 0.0, "11_Selangor._X51005230659_0": 0.0, "12_Utama,_X51005230659_0": 0.0, "13_Sekysen_X51005230659_0": 0.14285714285714285, "14_4,_X51005230659_0": 0.0, "15_Bandar_X51005230659_0": 0.0, "16_44300_X51005230659_0": 0.0, "17_NO._X51005230659_0": 0.0, "18_5-7,_X51005230659_0": 0.5, "19_Mahagoni_X51005230659_0": 0.0, "20_7/1,_X51005230659_0": 1.0, "21_Jalan_X51005230659_0": 0.0, "22_SWC_X51005230659_0": 0.0, "23_BHD_X51005230659_0": 0.0, "24_SDN_X51005230659_0": 0.0, "0_BIENTOT_547_2": 0.0, "0_DESCRIPTION_47_0": 0.0, "1_QTE_47_0": 1.0, "2_MONTANT_47_0": 0.2857142857142857, "3_Tel_47_0": 0.0, "4_17000_47_0": 0.0, "5_ROCHELLE_47_0": 0.0, "6_LA_47_0": 0.0, "7_DE_47_0": 0.0, "8_33_47_0": 0.0, "9_RUE_47_0": 0.0, "10_SCIERIE_47_0": 0.14285714285714285, "11_LA_47_0": 0.0, "12_CRF-CITY_47_0": 0.0, "13_LA_47_0": 0.5, "14_CHELLE_47_0": 0.3333333333333333, "0_Vignette(s)_487_3": 0.0, "1_par_487_3": 0.0, "2_operation_487_3": 0.0, "3_vous_487_3": 0.0, "4_Bravo_487_3": 0.2, "5_avez_487_3": 0.0, "6_cumule_487_3": 0.0, "7_3.0_487_3": 0.0, "0_ATICLE(S)_419_1": 0.2222222222222222, "1_TOTAL_419_1": 0.8, "2_A_419_1": 0.0, "3_PAYER_419_1": 0.0, "4_9.89\u20ac_419_1": 0.4, "5_0.480kg_419_1": 0.0, "6_2.95\u20ac/kg_419_1": 0.125, "7_x_419_1": 1.0, "8_*POHME_419_1": 1.0, "9_CHANTECLERC_419_1": 0.0, "10_1.42\u20ac_419_1": 0.4, "11_ISTALINE_419_1": 0.0, "12_*EAU_419_1": 1.0, "13_X6_419_1": 0.5, "14_1.20\u20ac_419_1": 0.4, "15_0.520kg_419_1": 0.14285714285714285, "16_3.20\u20ac/kg_419_1": 0.25, "17_x_419_1": 1.0, "18_*CLEMENTINE_419_1": 0.2727272727272727, "19_1.66\u20ac_419_1": 0.4, "20_*CAROTTE_419_1": 0.5, "21_RAPE_419_1": 0.0, "22_BIO_419_1": 0.3333333333333333, "23_1.60\u20ac_419_1": 0.4, "24_0.140kg_419_1": 0.14285714285714285, "25_x_419_1": 1.0, "26_1.95\u20ac/kg_419_1": 0.125, "27_*BANANI_419_1": 0.42857142857142855, "28_0.27\u20ac_419_1": 0.4, "29_*3206_419_1": 0.4, "30_AL.MONTMARTR_419_1": 0.3333333333333333, "31_3.74\u20ac_419_1": 0.4, "32_DESCRIPTION_419_1": 0.09090909090909091, "33_QTE_419_1": 1.0, "34_MONTANT_419_1": 0.0, "0_CARTE_214_3": 0.0, "1_BANCAIRE_214_3": 0.0, "2_EMV_214_3": 0.0, "3_EUR_214_3": 0.0, "4_123.61\u20ac_214_3": 0.2857142857142857, "5_ARTICLE_214_3": 0.0, "6_(S)_214_3": 0.3333333333333333, "7_123.61\u20ac_214_3": 0.2857142857142857, "8_42_214_3": 0.5, "9_TOTAL_214_3": 1.0, "10_A_214_3": 0.0, "11_PAYER_214_3": 0.0, "12_BEAUTE_214_3": 0.0, "13_28.44\u20ac_214_3": 0.3333333333333333, "14_TOTAL_214_3": 0.0, "15_/_214_3": 1.0, "16_SANTE_214_3": 0.0, "17_/_214_3": 1.0, "18_HYGIENE_214_3": 0.0, "19_750ML_214_3": 0.2, "20_ASS.ARBRE_214_3": 0.1111111111111111, "21_VT_214_3": 1.0, "22_2.93\u20ac_214_3": 0.4, "23_50ML_214_3": 0.5, "24_DEO_214_3": 1.0, "25_BIL.NAT.P_214_3": 0.1111111111111111, "26_2x_214_3": 1.0, "27_4.04_214_3": 0.0, "28_8.08\u20ac_214_3": 0.4, "29_4_214_3": 1.0, "30_RLX_214_3": 0.3333333333333333, "31_P.H.CRF_214_3": 0.14285714285714285, "32_ECOP_214_3": 0.0, "33_2.26\u20ac_214_3": 0.4, "34_VEGETAL_214_3": 0.0, "35_3L_214_3": 1.0, "36_LESSIVE_214_3": 0.7142857142857143, "37_11.08\u20ac_214_3": 0.3333333333333333, "38_2_214_3": 0.0, "39_SAVONS_214_3": 0.3333333333333333, "40_DX_214_3": 1.0, "41_LPO_214_3": 0.0, "42_2.12\u20ac_214_3": 0.4, "43_1L_214_3": 1.0, "44_DEBOUCH.DESTOP_214_3": 0.0, "45_1.97\u20ac_214_3": 0.4, "46_TOTAL_214_3": 0.0, "47_ALIMENTAIRE_214_3": 0.0, "48_95.17\u20ac_214_3": 0.3333333333333333, "0_003_394_1": 1.0, "1_000273_394_1": 0.0, "2_20/04/2017_394_1": 0.0, "3_19:16:07_394_1": 0.0, "4_arte:_394_1": 0.6, "5_CARTE_394_1": 0.2, "6_BANCAIRE_394_1": 0.0, "7_EMV_394_1": 0.0, "8_EUR_394_1": 0.0, "9_5.79\u20ac_394_1": 0.4, "10_2_394_1": 0.0, "11_ARTICLE(S)_394_1": 0.2, "12_TOTAL_394_1": 0.2, "13_A_394_1": 0.0, "14_PAYER_394_1": 0.0, "15_5.79\u20ac_394_1": 0.4, "16_*TOMAT_394_1": 0.3333333333333333, "17_JAUNE_394_1": 0.2, "18_BQ_394_1": 0.5, "19_250G_394_1": 0.25, "20_2.95\u20ac_394_1": 0.4, "21_*OLIVE_394_1": 0.3333333333333333, "22_DENOYAUTEE_394_1": 0.2, "23_2.84\u20ac_394_1": 0.6, "0_ _receipt_00535_0": 1.0, "0_0_receipt_00531_1": 1.0, "1_CHANGED_receipt_00531_1": 0.0, "2_60.000_receipt_00531_1": 0.16666666666666666, "3_CASH_receipt_00531_1": 0.25, "4_TOTAL_receipt_00531_1": 0.2, "5_60.000_receipt_00531_1": 0.3333333333333333, "6_2_receipt_00531_1": 0.0, "7_Combo_receipt_00531_1": 0.2, "8_1_receipt_00531_1": 2.0, "0_12:57:18_660_0": 0.125, "1_PM_660_0": 0.5, "2_14/06/2017_660_0": 0.2, "3_Date/Heure:_660_0": 0.09090909090909091, "4_944_660_0": 0.0, "5_SIRET:_660_0": 0.16666666666666666, "6_110_660_0": 0.3333333333333333, "7_00010_660_0": 0.0, "8_808_660_0": 0.0, "9_Rochelle_660_0": 0.0, "10_17000_660_0": 0.0, "11_La_660_0": 0.0, "12_Becquerel_660_0": 0.0, "13_Avenue_660_0": 0.0, "14_Henri_660_0": 0.0, "15_KING(r)_660_0": 0.0, "0_MERCI_415_1": 0.2, "1_DE_415_1": 0.0, "2_VISITE_415_1": 0.0, "3_VOTRE_415_1": 0.0, "4_0012_415_1": 0.0, "5_000402_415_1": 0.16666666666666666, "6_02/12/2016_415_1": 0.1, "7_17:24:04_415_1": 0.0, "8_004_415_1": 0.0, "9_EUR_415_1": 0.0, "10_6.45\u20ac_415_1": 0.4, "11_CARTE_415_1": 0.0, "12_BANCAIRE_415_1": 0.0, "13_MV_415_1": 1.0, "14_ARTICLE(S)_415_1": 0.0, "15_6.45\u20ac_415_1": 0.4, "16_TOTAL_415_1": 0.0, "17_A_415_1": 0.0, "18_PAYER_415_1": 0.0, "19_4_415_1": 0.0, "20_1.50\u20ac_415_1": 0.4, "21_*CITRONS_415_1": 0.0, "22_JANE_415_1": 1.0, "23_1.75\u20ac_415_1": 0.4, "24_OEUF_415_1": 0.0, "25_PLEIN_415_1": 0.4, "26_AIR_415_1": 0.6666666666666666, "27_*6_415_1": 0.5, "28_TO_415_1": 0.5, "29_ATES_415_1": 0.25, "30_2.20\u20ac_415_1": 0.4, "31_FLT_415_1": 0.0, "32_DIS_415_1": 0.6666666666666666, "33_*1KG_415_1": 0.25, "34_1.00\u20ac_415_1": 0.4, "35_BAGUETTE_415_1": 0.0, "36_250_415_1": 0.0, "37_CRF_415_1": 0.0, "38_GR_415_1": 0.5, "0_Total_584_1": 0.0, "1_Soins_584_1": 0.0, "2_Beaute_584_1": 0.0, "3_Hygiene_584_1": 0.2857142857142857, "4_0,96_584_1": 0.25, "5_0,96_584_1": 0.25, "6_110_584_1": 0.6666666666666666, "7_MOUCHOIR_584_1": 0.0, "8_CRF_584_1": 0.0, "9_Total_584_1": 0.0, "10_Alimentaire_584_1": 0.0, "11_46,53_584_1": 0.2, "12_1,25_584_1": 0.5, "13_4_584_1": 0.0, "14_FROMAGE_584_1": 0.0, "15_BLANC_584_1": 0.0, "16_20%_584_1": 0.0, "17_BISCOTTES_584_1": 0.0, "18_1,22_584_1": 0.0, "19_4_584_1": 0.0, "20_270G_584_1": 0.25, "21_1,90_584_1": 0.25, "22_4_584_1": 1.0, "23_PAVE_584_1": 0.0, "24_BIO_584_1": 0.0, "25_500G_584_1": 0.25, "26_TR_584_1": 0.0, "27_P_584_1": 0.0, "28_1,59_584_1": 0.25, "29_TARTINE_584_1": 0.0, "30_DOUX_584_1": 0.0, "31_DX_584_1": 0.5, "32_11,88_584_1": 0.0, "33_DENTAFL._584_1": 0.125, "34_MOY.CHIEN_584_1": 0.1111111111111111, "35_1,98x6_584_1": 0.16666666666666666, "36_1,80_584_1": 0.25, "37_PANACH._584_1": 0.2857142857142857, "38_JEUNE_584_1": 0.0, "39_4_584_1": 1.0, "40_POUSS_584_1": 0.2, "41_2,20_584_1": 0.0, "42_180G_584_1": 0.25, "43_4_584_1": 1.0, "44_HOUM.CURY_584_1": 0.1111111111111111, "45_CRF_584_1": 0.0, "46_1,63_584_1": 0.25, "47_4_584_1": 0.0, "48_100G_584_1": 0.25, "49_AM/MYRT.LINDT_584_1": 0.07692307692307693, "50_1,59_584_1": 0.5, "51_4_584_1": 0.0, "52_BUCHE_584_1": 0.0, "53_DE_584_1": 0.0, "54_CHEVRE_584_1": 0.0, "55_7,20_584_1": 0.25, "56_5_584_1": 0.0, "57_CRUNCH_584_1": 0.0, "58_CALI_584_1": 0.5, "59_ROLL_584_1": 0.0, "60_5,13_584_1": 0.25, "61_4_584_1": 0.0, "62_X48_584_1": 0.0, "63_SENSEO_584_1": 0.16666666666666666, "64_CORSE_584_1": 0.0, "65_1,68_584_1": 0.0, "66_4_584_1": 0.0, "67_TERRINE_584_1": 0.0, "68_DE_584_1": 0.0, "69_SAUMON_584_1": 0.0, "70_2,09_584_1": 0.25, "71_4_584_1": 0.0, "72_300G_584_1": 0.25, "73_COMPLIC_584_1": 0.0, "74_COEUR_584_1": 0.2, "75_2,02_584_1": 0.0, "76_4_584_1": 1.0, "77_8X125G_584_1": 0.16666666666666666, "78_PANIER_584_1": 0.0, "79_0%_584_1": 0.0, "80_3,35_584_1": 0.25, "81_4_584_1": 1.0, "82_180G_584_1": 0.25, "83_SAUM.FUM.NORV_584_1": 0.3076923076923077, "0_A_452_2": 0.0, "1_BIENTOT_452_2": 0.0, "0_:_547_0": 2.0, "1_Tel_547_0": 0.0, "2_45000_547_0": 0.0, "3_ORLEANS_547_0": 0.0, "4_1,_547_0": 1.0, "5_RUE_547_0": 0.0, "6_DU_547_0": 0.5, "7_GRENIER_547_0": 0.0, "8_A_547_0": 0.0, "9_SEL_547_0": 0.0, "10_CARREFOUR_547_0": 0.0, "11_CITY_547_0": 0.0, "12_ORLEANS_547_0": 0.0, "0_CREMERIE_722_1": 0.0, "1_>>>>_722_1": 0.5, "2_L.S._722_1": 1.0, "3_MONSTER_722_1": 0.14285714285714285, "4_MUNCH_722_1": 0.2, "5_KETCHUP_722_1": 0.0, "6_85G_722_1": 0.6666666666666666, "7_1,08_722_1": 0.25, "8_\u20ac_722_1": 0.0, "9_1,99_722_1": 0.25, "10_\u20ac_722_1": 1.0, "11_INFUSION_722_1": 0.0, "12_THYH_722_1": 0.75, "13_MENTHE_722_1": 0.16666666666666666, "14_2,38_722_1": 1.0, "15_JB_722_1": 1.0, "16_BIO30G_722_1": 0.8333333333333334, "17_\u20ac_722_1": 0.0, "18_EPICERIE_722_1": 0.0, "19_>>>>_722_1": 1.0, "20_1,20_722_1": 0.25, "21_PAIN_722_1": 0.5, "22_CHOCOLAT_722_1": 0.0, "23_PB_722_1": 1.0, "24_SELECTION_722_1": 0.0, "25_X2_722_1": 0.5, "26_\u20ac_722_1": 2.0, "27_COURONNE_722_1": 0.125, "28_NATURE_722_1": 0.16666666666666666, "29_3,95_722_1": 0.25, "30_315G_722_1": 0.75, "31_\u20ac_722_1": 0.0, "32_>>>>_722_1": 1.0, "33_BUP_722_1": 0.6666666666666666, "34_FRANCE_722_1": 1.0, "35_4,00_722_1": 0.25, "36_PETIT_722_1": 0.0, "37_PAVE_722_1": 0.5, "38_CND_722_1": 0.3333333333333333, "39_DOUCE_722_1": 0.0, "40_X2_722_1": 1.5, "41_\u20ac_722_1": 0.0, "42_VOL.L_722_1": 0.4, "43_INDUST._722_1": 0.0, "44_>>>>_722_1": 1.0, "45_4,24_722_1": 0.25, "46_JBON_722_1": 0.25, "47_CRU_722_1": 0.0, "48_DENTEL.AOSTE_722_1": 0.25, "49_120GENU_722_1": 0.2857142857142857, "50_\u20ac_722_1": 1.0, "51_>>>>_722_1": 1.0, "52_MADEL.CHOC.NOIR_722_1": 0.8666666666666667, "53_1,66_722_1": 0.25, "54_\u20ac_722_1": 1.0, "55_2,29_722_1": 0.75, "56_MADELEINET.CHOC_722_1": 0.13333333333333333, "57_NOIR_722_1": 1.0, "58_\u20ac_722_1": 1.0, "59_>>>>_722_1": 1.0, "60_PAT_722_1": 0.0, "0_Cocottes_768_0": 0.0, "1_PDJ_768_0": 0.0, "2_nature_768_0": 0.0, "3_1.000_768_0": 0.0, "4_2.00_768_0": 0.25, "5_2.00_768_0": 0.0, "6_Cocottes_768_0": 0.0, "7_cereales_768_0": 0.0, "8_et_768_0": 0.0, "9_1.000_768_0": 0.0, "10_1.65_768_0": 0.0, "11_1.65_768_0": 0.25, "12_Qte_768_0": 0.0, "13_Produit_768_0": 0.0, "14_P.U._768_0": 0.75, "15_Total_768_0": 0.0, "16_--RECU_768_0": 0.0, "17_Trans:_768_0": 0.0, "18_33585_768_0": 0.0, "19_1_768_0": 0.0, "20_Tel._768_0": 0.0, "21_LA_768_0": 0.0, "22_ROCHELLE_768_0": 0.0, "23_17000_768_0": 0.0, "24_Temple_768_0": 0.0, "25_10_768_0": 0.0, "26_rue_768_0": 0.0, "27_du_768_0": 0.0, "28_SMM_768_0": 0.0, "29_-_768_0": 0.0, "0_ _receipt_00025_0": 3.0, "0_Ppd_receipt_00478_1": 0.3333333333333333, "1_10%_receipt_00478_1": 0.0, "2_Rp._receipt_00478_1": 0.3333333333333333, "3_21.000_receipt_00478_1": 0.0, "4_Total_receipt_00478_1": 0.0, "5_Rp._receipt_00478_1": 0.3333333333333333, "6_209.999_receipt_00478_1": 0.0, "7_209.999_receipt_00478_1": 0.0, "8_Rp._receipt_00478_1": 0.3333333333333333, "9_SubTotal_receipt_00478_1": 0.0, "10_Peyek_receipt_00478_1": 0.2, "11_Parcel_receipt_00478_1": 0.0, "12_25.455_receipt_00478_1": 0.0, "13_Rp._receipt_00478_1": 0.3333333333333333, "14_1_receipt_00478_1": 1.0, "15_25.455_receipt_00478_1": 0.16666666666666666, "16_Empal_receipt_00478_1": 0.2, "17_25.454_receipt_00478_1": 0.0, "18_Rp._receipt_00478_1": 0.6666666666666666, "19_12.727_receipt_00478_1": 0.3333333333333333, "20_2_receipt_00478_1": 2.0, "21_Tempe_receipt_00478_1": 0.0, "22_Bacem_receipt_00478_1": 0.0, "23_15.910_receipt_00478_1": 0.0, "24_Rp._receipt_00478_1": 0.3333333333333333, "25_3.182_receipt_00478_1": 0.0, "26_5_receipt_00478_1": 0.0, "0_QTE_4_0": 1.0, "1_MONTANT_4_0": 0.14285714285714285, "2_DESCRIPTION_4_0": 0.0, "3_:_4_0": 1.0, "4_Tel_4_0": 0.0, "5_17000_4_0": 0.0, "6_ROCHELLE_4_0": 0.0, "7_DE_4_0": 0.0, "8_LA_4_0": 0.5, "9_SCIERIE_4_0": 0.0, "10_33_4_0": 0.0, "11_RUE_4_0": 0.0, "12_ROCHELLE_4_0": 0.0, "13_CRF-CITY_4_0": 0.0, "14_LA_4_0": 0.0, "0_ _receipt_00487_0": 5.0, "0_ENI_706_3": 0.3333333333333333, "1_Vous_706_3": 0.0, "2_souhaite_706_3": 0.0, "3_bonne_706_3": 0.0, "4_route_706_3": 0.0, "0_CHANGED_receipt_00761_1": 0.14285714285714285, "1_0_receipt_00761_1": 1.0, "2_CASH_receipt_00761_1": 0.25, "3_65.000_receipt_00761_1": 0.0, "4_TOTAL_receipt_00761_1": 0.0, "5_65.000_receipt_00761_1": 0.0, "6_1_receipt_00761_1": 2.0, "7_Popcorn_receipt_00761_1": 0.2857142857142857, "8_Salt_receipt_00761_1": 0.0, "9_40.000_receipt_00761_1": 0.0, "10_(M)_receipt_00761_1": 1.0, "11_1_receipt_00761_1": 2.0, "12_Lemon_receipt_00761_1": 0.2, "13_Tea_receipt_00761_1": 0.0, "14_25.000_receipt_00761_1": 0.16666666666666666, "15_(L)_receipt_00761_1": 1.0, "0_KEMBALI_receipt_00224_1": 0.7142857142857143, "1_501_receipt_00224_1": 0.0, "2_TUNAI_receipt_00224_1": 0.4, "3_48.000_receipt_00224_1": 0.16666666666666666, "4_GRAND_receipt_00224_1": 0.2, "5_TOTAL_receipt_00224_1": 0.0, "6_47,499_receipt_00224_1": 0.0, "7_10.00_receipt_00224_1": 0.0, "8_TAX_receipt_00224_1": 0.3333333333333333, "9_%_receipt_00224_1": 1.0, "10_4,318_receipt_00224_1": 0.0, "11_TOTAL_receipt_00224_1": 0.0, "12_43,181_receipt_00224_1": 0.0, "13_BASO_receipt_00224_1": 0.75, "14_TAHU_receipt_00224_1": 0.25, "15_KWETIAU_receipt_00224_1": 0.42857142857142855, "16_1_receipt_00224_1": 1.0, "17_43,181_receipt_00224_1": 0.16666666666666666, "18_43,181_receipt_00224_1": 0.16666666666666666, "0_3,864_receipt_00445_1": 0.2, "1_Incl,_receipt_00445_1": 0.0, "2_10%_receipt_00445_1": 0.0, "3_Pb1_receipt_00445_1": 0.6666666666666666, "4_100,000_receipt_00445_1": 0.0, "5_CASH_receipt_00445_1": 0.0, "0_147,600_receipt_00180_1": 0.14285714285714285, "1_DEBIT_receipt_00180_1": 0.0, "2_TL_receipt_00180_1": 0.5, "3_16,400_receipt_00180_1": 0.16666666666666666, "4_%-_receipt_00180_1": 1.0, "5_10%_receipt_00180_1": 0.0, "6_164,000_receipt_00180_1": 0.14285714285714285, "7_SUBTOTAL_receipt_00180_1": 0.0, "8_32,000_receipt_00180_1": 0.0, "9_RED_receipt_00180_1": 0.0, "10_VELVET_receipt_00180_1": 0.0, "11_16,000_receipt_00180_1": 0.3333333333333333, "12_2X_receipt_00180_1": 0.0, "13_36,000_receipt_00180_1": 0.16666666666666666, "14_CHOCBAN_receipt_00180_1": 0.0, "15_CUP_receipt_00180_1": 1.0, "16_12,000_receipt_00180_1": 0.0, "17_3 X_receipt_00180_1": 0.3333333333333333, "0_Change:_receipt_00615_1": 0.42857142857142855, "1_20,001_receipt_00615_1": 0.0, "2_50,000_receipt_00615_1": 0.0, "3_cash:_receipt_00615_1": 0.6, "4_Total:_receipt_00615_1": 0.0, "5_2,727_receipt_00615_1": 0.8, "6_PB1:_receipt_00615_1": 0.25, "7_27,272_receipt_00615_1": 1.0, "8_SubTotal:_receipt_00615_1": 0.0, "9_27,272_receipt_00615_1": 0.3333333333333333, "10_Nutella_receipt_00615_1": 0.0, "11_Cheese_receipt_00615_1": 0.0, "12_1_receipt_00615_1": 1.0, "0_QTE_344_0": 0.0, "1_MONTANT_344_0": 0.42857142857142855, "2_DESCRIPTION_344_0": 0.09090909090909091, "3_Tel_344_0": 0.0, "4_17000_344_0": 0.0, "5_LA_344_0": 1.0, "6_ROCHELLE_344_0": 0.0, "7_33_344_0": 0.5, "8_RUE_344_0": 0.0, "9_DE_344_0": 0.0, "10_LA_344_0": 0.0, "11_SCIERIE_344_0": 0.14285714285714285, "12_CRF-CITY_344_0": 0.0, "13_LA_344_0": 0.5, "14_ROCHELLE_344_0": 0.0, "0_Tel_62_0": 0.0, "1_ROCHELLE_62_0": 0.0, "2_17000_62_0": 0.0, "3_LA_62_0": 0.0, "4_SCIERIE_62_0": 0.0, "5_DE_62_0": 0.0, "6_LA_62_0": 0.0, "7_RUE_62_0": 0.0, "8_33_62_0": 0.0, "9_ROCHELLE_62_0": 0.0, "10_LA_62_0": 0.0, "11_CRF-CITY_62_0": 0.0, "0_18,000_receipt_00182_1": 0.3333333333333333, "1_T-CASH_receipt_00182_1": 1.0, "2_4,500_receipt_00182_1": 0.4, "3_DISC_receipt_00182_1": 1.5, "4_T-CASH_receipt_00182_1": 1.0, "5_1_receipt_00182_1": 2.0, "6_ITEMS_receipt_00182_1": 1.2, "7_TOTAL_receipt_00182_1": 1.0, "8_22,500_receipt_00182_1": 0.5, "9_TOTAL_receipt_00182_1": 0.8, "10_SALES_receipt_00182_1": 0.4, "11_-2,500_receipt_00182_1": 0.5, "12_product_receipt_00182_1": 0.42857142857142855, "13_Disc_receipt_00182_1": 0.25, "14_25,000_receipt_00182_1": 0.3333333333333333, "15_TOTAL_receipt_00182_1": 1.0, "16_SUB_receipt_00182_1": 1.0, "17_0_receipt_00182_1": 1.0, "18_SUGAR_receipt_00182_1": 0.0, "19_HALF_receipt_00182_1": 0.25, "0_:_89_0": 1.0, "1_Tel_89_0": 0.0, "2_ROCHELLE_89_0": 0.0, "3_LA_89_0": 0.0, "4_17000_89_0": 0.0, "5_SCIERIE_89_0": 0.0, "6_DE_89_0": 0.0, "7_LA_89_0": 0.0, "8_33_89_0": 0.0, "9_RUE_89_0": 0.0, "10_ROCHELLE_89_0": 0.0, "11_CRF-CITY_89_0": 0.0, "12_LA_89_0": 0.0, "0_235,000_receipt_00194_0": 0.0, "1_BU350012_receipt_00194_0": 0.0, "2_BUDS_receipt_00194_0": 0.0, "3_PRECIOUS_receipt_00194_0": 0.0, "4_NEWBORN_receipt_00194_0": 0.0, "5_CREAM_receipt_00194_0": 0.0, "6_200,000_receipt_00194_0": 0.0, "7_BU350003_receipt_00194_0": 0.0, "8_BUDS_receipt_00194_0": 0.0, "9_CALMING_receipt_00194_0": 0.0, "10_TUMMY_receipt_00194_0": 0.0, "11_RUB_receipt_00194_0": 0.0, "12_CREAM_receipt_00194_0": 0.0, "0_:_383_1": 1.0, "1_Carte_383_1": 0.0, "2_EUR_383_1": 0.0, "3_EMV_383_1": 0.0, "4_6.36\u20ac_383_1": 0.4, "5_CARTE_383_1": 0.0, "6_BANCAIRE_383_1": 0.125, "7_ARTICLE_383_1": 0.0, "8_(S)_383_1": 0.6666666666666666, "9_TOTAL_383_1": 0.0, "10_A_383_1": 0.0, "11_PAYER_383_1": 0.0, "12_6.36\u20ac_383_1": 0.0, "13_3_383_1": 0.0, "14_BLEU&NOI_383_1": 0.375, "15_2.70\u20ac_383_1": 0.4, "16_*FOUGASSETTE_383_1": 0.08333333333333333, "17_3.32\u20ac_383_1": 0.4, "18_*CRF_383_1": 0.25, "19_SALADE_383_1": 0.0, "20_SAUMON_383_1": 0.16666666666666666, "21_1.95\u20ac/kg_383_1": 0.125, "22_0.175kg_383_1": 0.0, "23_x_383_1": 1.0, "24_0.34\u20ac_383_1": 0.4, "25_*BANANE_383_1": 0.14285714285714285, "26_QTE_383_1": 0.6666666666666666, "27_MONTANT_383_1": 0.14285714285714285, "28_DESCRIPTION_383_1": 0.0, "0_A_540_2": 0.0, "1_BIENTOT_540_2": 0.0, "2_MERCI_540_2": 0.0, "3_DE_540_2": 0.0, "4_VOTRE_540_2": 0.0, "5_VISITE_540_2": 0.0, "6_0001_540_2": 0.0, "7_000129_540_2": 0.0, "8_01/03/2017_540_2": 0.2, "9_12:52:09_540_2": 0.125, "10_005_540_2": 0.3333333333333333, "0_MONTANT_256_0": 0.2857142857142857, "1_QTE_256_0": 1.0, "2_DESCRIPTION_256_0": 0.0, "3_12H30_256_0": 0.0, "4_9HO0_256_0": 0.5, "5_a_256_0": 0.0, "6_DIMANCHE_256_0": 0.0, "7_19h30_256_0": 0.0, "8_8h30_256_0": 0.25, "9_a_256_0": 0.0, "10_DE_256_0": 0.0, "11_SAMEDI_256_0": 0.0, "12_LUNDI_256_0": 0.0, "13_AU_256_0": 0.5, "14_MARKET_256_0": 0.0, "15_CARREFOUR_256_0": 0.0, "16_CHEZ_256_0": 0.0, "17_BIENVENUE_256_0": 0.0, "18_Tel_256_0": 0.0, "19_20_256_0": 0.5, "20_81_256_0": 0.5, "21_21_256_0": 0.5, "22_02_256_0": 0.0, "23_38_256_0": 0.0, "24_ECO_256_0": 0.0, "25_COM_256_0": 1.0, "26_SARL_256_0": 0.0, "0_CHANGE_receipt_00159_1": 0.0, "1_4,000_receipt_00159_1": 0.0, "2_CASH_receipt_00159_1": 0.0, "3_50,000_receipt_00159_1": 0.0, "4_TOTAL_receipt_00159_1": 0.0, "5_46,000_receipt_00159_1": 0.16666666666666666, "6_DEPT01_receipt_00159_1": 0.3333333333333333, "7_22,000_receipt_00159_1": 0.0, "8_DEPT04_receipt_00159_1": 0.16666666666666666, "9_24,000_receipt_00159_1": 0.0, "0_39,99_765_1": 0.8, "1_20,00_765_1": 0.0, "2_33,32_765_1": 0.8, "3_6,67_765_1": 0.5, "4_02_765_1": 0.0, "5_TTC_765_1": 0.3333333333333333, "6_CODE_765_1": 0.0, "7_TAUX_765_1": 0.0, "8_HT_765_1": 0.0, "9_TVA_765_1": 0.0, "10_DETAIL_765_1": 0.0, "11_TVA_765_1": 0.0, "12_39,99_765_1": 0.2, "13_:_765_1": 1.0, "14_BANCAIRE_765_1": 0.0, "15_CARTE_765_1": 0.0, "16_EURO_765_1": 0.25, "17_PAIEMENT_765_1": 0.125, "18_EN_765_1": 0.0, "19_39,99_765_1": 0.6, "20_:_765_1": 1.0, "21_EN_765_1": 0.0, "22_EURO_765_1": 0.25, "23_NET_765_1": 0.0, "24_A_765_1": 0.0, "25_PAYER_765_1": 0.0, "26_39,99_765_1": 0.2, "27_39,99_765_1": 0.4, "28_152200_765_1": 0.0, "29_(02)_765_1": 0.25, "30_BS_765_1": 0.0, "31_GM_765_1": 0.0, "32_ETLE_765_1": 0.0, "33_LUMI._765_1": 0.2, "34_recu_765_1": 0.25, "35_par_765_1": 0.0, "36_ISABELLE_765_1": 0.125, "37_S._765_1": 2.0, "38_avez_765_1": 0.0, "39_ete_765_1": 0.3333333333333333, "40_Vous_765_1": 0.0, "0_ _receipt_00258_0": 4.0, "0_20,000_receipt_00706_0": 0.0, "1_CASH_receipt_00706_0": 0.0, "2_TOTAL_receipt_00706_0": 0.0, "3_2_receipt_00706_0": 0.0, "4_QT_receipt_00706_0": 1.0, "5_SUNKIST_receipt_00706_0": 0.0, "6_10,000_receipt_00706_0": 0.16666666666666666, "7_1_receipt_00706_0": 0.0, "8_1_receipt_00706_0": 0.0, "9_SIRSAK_receipt_00706_0": 0.0, "10_10,000_receipt_00706_0": 0.0, "0_RENDU_646_1": 0.0, "1_MONNAIE_646_1": 0.14285714285714285, "2_-10.20_646_1": 0.0, "3_20.00_646_1": 0.0, "4_ESPECES_646_1": 0.0, "5_TVA_646_1": 0.0, "6_20.00_646_1": 0.0, "7_%_646_1": 0.0, "8_0.63_646_1": 0.0, "9_TVA_646_1": 0.0, "10_10.00_646_1": 0.0, "11_%_646_1": 0.0, "12_0.55_646_1": 0.0, "13_:_646_1": 1.0, "14_Total_646_1": 0.0, "15_9.80_646_1": 0.0, "16_10.000_646_1": 0.0, "17_X_646_1": 0.0, "18_0.60_646_1": 0.0, "19_1_646_1": 0.0, "20_ERIE_646_1": 0.0, "21_GODET_646_1": 0.0, "22_PLANTS_646_1": 0.0, "23_0062604_646_1": 0.0, "24_6.00_646_1": 0.0, "25_FLEURSS_646_1": 0.14285714285714285, "26_REX_646_1": 0.0, "27_LIREB5B_646_1": 0.14285714285714285, "28_1410437_646_1": 0.0, "29_ANTI_646_1": 0.0, "30_LIMACE_646_1": 0.0, "31_BIT_646_1": 0.0, "32_3.80_646_1": 0.0, "33_Qte_646_1": 0.0, "34_P.U_646_1": 0.0, "0_0_receipt_00243_1": 0.0, "1_CHANGE_receipt_00243_1": 0.0, "2_382,350_receipt_00243_1": 0.0, "3_Card_receipt_00243_1": 0.25, "4_382,350_receipt_00243_1": 0.0, "5_TOTAL_receipt_00243_1": 0.2, "6_0_receipt_00243_1": 0.0, "7_Discount_receipt_00243_1": 0.625, "8_34,600_receipt_00243_1": 0.0, "9_Tax_receipt_00243_1": 0.3333333333333333, "10_22,750_receipt_00243_1": 0.16666666666666666, "11_Service_receipt_00243_1": 0.0, "12_325,000_receipt_00243_1": 0.0, "13_Sub_receipt_00243_1": 0.6666666666666666, "14_Total_receipt_00243_1": 0.8, "0_12.000_receipt_00673_1": 0.0, "1_CHANGED_receipt_00673_1": 0.0, "2_50.000_receipt_00673_1": 0.0, "3_CASH_receipt_00673_1": 0.0, "4_TOTAL_receipt_00673_1": 0.0, "5_38.000_receipt_00673_1": 0.16666666666666666, "6_Caramel_receipt_00673_1": 0.14285714285714285, "7_38.000_receipt_00673_1": 0.0, "8_Small_receipt_00673_1": 0.0, "9_1_receipt_00673_1": 0.0, "0_2_receipt_00339_0": 0.0, "1_19,000_receipt_00339_0": 0.0, "2_38,000_receipt_00339_0": 0.6666666666666666, "3_STIX ECLAIRS_receipt_00339_0": 0.9166666666666666, "0_:_0_0": 2.0, "1_Tel_0_0": 0.0, "2_ROCHELLE_0_0": 0.0, "3_17000_0_0": 0.0, "4_LA_0_0": 0.0, "5_33_0_0": 0.0, "6_RUE_0_0": 0.3333333333333333, "7_DE_0_0": 0.0, "8_LA_0_0": 0.0, "9_SCIERIE_0_0": 0.14285714285714285, "10_CRF-CITY_0_0": 0.0, "11_LA_0_0": 0.5, "12_ROCHELLE_0_0": 0.0, "0_40.000_receipt_00009_0": 0.0, "1_@20.000_receipt_00009_0": 0.14285714285714285, "2_2_receipt_00009_0": 0.0, "3_THAI_receipt_00009_0": 0.25, "4_ICED_receipt_00009_0": 0.0, "5_TEA_receipt_00009_0": 0.0, "0_ _receipt_00713_0": 0.0, "0_ _receipt_00369_0": 2.0, "0_cash:_receipt_00627_1": 0.4, "1_12,750_receipt_00627_1": 0.16666666666666666, "2_PB1:_receipt_00627_1": 1.0, "3_1,159_receipt_00627_1": 0.6, "4_Discount:_receipt_00627_1": 0.4444444444444444, "5_-2,045_receipt_00627_1": 0.5, "6_SubTotal:_receipt_00627_1": 0.3333333333333333, "7_13,636_receipt_00627_1": 0.5, "8_Exclusive_receipt_00627_1": 0.5555555555555556, "9_Member_receipt_00627_1": 1.0, "10_Car_receipt_00627_1": 0.6666666666666666, "11_-2,045_receipt_00627_1": 0.3333333333333333, "12_1_receipt_00627_1": 0.0, "13_Choco_receipt_00627_1": 1.0, "14_Cheese_receipt_00627_1": 0.3333333333333333, "15_13,636_receipt_00627_1": 0.6666666666666666, "0_ _receipt_00049_0": 2.0, "0_Chicken_receipt_00003_0": 0.0, "1_H-H_receipt_00003_0": 0.0, "2_190,000_receipt_00003_0": 0.0, "3_1_receipt_00003_0": 1.0, "4_Bintang_receipt_00003_0": 0.0, "5_Bremer_receipt_00003_0": 0.0, "6_59,000_receipt_00003_0": 0.16666666666666666, "7_1_receipt_00003_0": 1.0, "0_BIENTOT_31_1": 0.0, "1_MERCI_31_1": 0.0, "2_DE_31_1": 0.0, "3_VOTRE_31_1": 0.0, "4_VISITE_31_1": 0.0, "5_0007_31_1": 0.0, "6_04_31_1": 0.5, "7_000457_31_1": 0.0, "8_18/01/2017_31_1": 0.0, "9_18:23:24_31_1": 0.0, "10_CARTE_31_1": 0.0, "11_BANCAIRE_31_1": 0.0, "12_EMV_31_1": 0.3333333333333333, "13_EUR_31_1": 0.0, "14_4.14\u20ac_31_1": 0.4, "15_2_31_1": 0.0, "16_ARTICLE_31_1": 0.0, "17_(S)_31_1": 0.3333333333333333, "18_TOTAL_31_1": 0.0, "19_A_31_1": 1.0, "20_PAYER_31_1": 0.0, "21_4.14\u20ac_31_1": 0.4, "22_*P.J.MULTIFRUITS_31_1": 0.3125, "23_1L_31_1": 0.5, "24_1.96\u20ac_31_1": 0.8, "25_*NESCAFE_31_1": 0.125, "26_TASS.ROUGE_31_1": 0.1, "27_2.186_31_1": 0.4, "28_DESCRIPTION_31_1": 0.0, "29_QTE_31_1": 0.3333333333333333, "30_NONTANT_31_1": 0.14285714285714285, "0_DESCRIPTION_268_0": 0.2727272727272727, "1_QTE_268_0": 0.3333333333333333, "2_MONTANT_268_0": 0.14285714285714285, "3_:_268_0": 1.0, "4_Tel_268_0": 0.0, "5_ROCHELLE_268_0": 0.0, "6_17000_268_0": 0.0, "7_33_268_0": 0.0, "8_RUE_268_0": 0.0, "9_DE_268_0": 0.0, "10_SCIERIE_268_0": 0.0, "11_LA_268_0": 0.5, "12_CRF-CITY_268_0": 0.0, "13_LA_268_0": 0.0, "14_ROCHELLE_268_0": 0.0, "0_Change:_receipt_00058_1": 0.2857142857142857, "1_Tendered:_receipt_00058_1": 0.2222222222222222, "2_Cash_receipt_00058_1": 0.5, "3_35.000,00_receipt_00058_1": 0.0, "4_Total._receipt_00058_1": 0.16666666666666666, "5_Total_receipt_00058_1": 0.4, "6_4_receipt_00058_1": 2.0, "7_Item:_receipt_00058_1": 0.6, "8_8.000,00_receipt_00058_1": 0.125, "9_8.000,00_receipt_00058_1": 0.125, "10_x1_receipt_00058_1": 1.0, "11_1001-_receipt_00058_1": 0.4, "12_ROTI_receipt_00058_1": 0.5, "13_COKLAT_receipt_00058_1": 0.0, "14_8.000,00_receipt_00058_1": 0.125, "15_8.000,00_receipt_00058_1": 0.125, "16_x1_receipt_00058_1": 1.0, "17_1022-_receipt_00058_1": 1.0, "18_ROTI_receipt_00058_1": 0.0, "19_KACANG_receipt_00058_1": 0.3333333333333333, "20_MERAH_receipt_00058_1": 0.2, "21_10.500,00_receipt_00058_1": 0.1111111111111111, "22_10.500,00_receipt_00058_1": 0.3333333333333333, "23_x1_receipt_00058_1": 0.0, "24_1037-_receipt_00058_1": 0.4, "25_ROTI_receipt_00058_1": 0.0, "26_MAHKOTA/RING_receipt_00058_1": 0.08333333333333333, "0_ _receipt_00316_0": 1.0, "0_Kembali_receipt_00488_1": 0.2857142857142857, "1_37,000_receipt_00488_1": 0.8333333333333334, "2_Bayar_receipt_00488_1": 0.0, "3_100,000_receipt_00488_1": 0.42857142857142855, "4_Jumlah_receipt_00488_1": 0.16666666666666666, "5_63,000_receipt_00488_1": 0.0, "0_BIENTOT_269_2": 0.0, "1_MERCI_269_2": 0.0, "2_DE_269_2": 0.0, "3_VOTRE_269_2": 0.0, "4_VISITE_269_2": 0.0, "5_0002_269_2": 0.0, "6_002_269_2": 0.0, "7_000217_269_2": 0.0, "8_22/06/2017_269_2": 0.0, "9_11:09:02_269_2": 0.0, "0_Go-Pay_receipt_00620_1": 0.0, "1_QR_receipt_00620_1": 1.5, "2_static_receipt_00620_1": 0.0, "3_6.000_receipt_00620_1": 0.0, "4_TOTAL_receipt_00620_1": 0.0, "5_6.000_receipt_00620_1": 0.0, "6_Subtotal_receipt_00620_1": 0.0, "7_6.000_receipt_00620_1": 0.0, "0_BIENTOT_539_2": 0.0, "1_MERCI_539_2": 0.0, "2_DE_539_2": 0.0, "3_VOTRE_539_2": 0.0, "4_VISITE_539_2": 0.0, "5_0001_539_2": 0.25, "6_005_539_2": 0.3333333333333333, "7_20/04/2017_539_2": 0.0, "8_000134_539_2": 0.0, "9_13:04:03_539_2": 0.0, "0_MAGASIN_776_5": 0.0, "1_DE_776_5": 0.0, "2_VOTRE_776_5": 0.2, "3_AVEC_776_5": 0.5, "4_LA_776_5": 0.0, "5_ET_776_5": 0.5, "6_TOUJOURS_776_5": 0.0, "7_PLUS_776_5": 0.0, "8_VISITE_776_5": 0.0, "9_VOTRE_776_5": 0.0, "10_DE_776_5": 0.0, "11_VOUS_776_5": 1.0, "12_NOUS_776_5": 0.0, "13_votre_776_5": 0.0, "14_Merci_776_5": 0.2, "15_fidelite_776_5": 0.0, "16_de_776_5": 0.0, "17_64.70_776_5": 0.0, "18_E._776_5": 1.0, "19_la_776_5": 0.0, "20_E.Leclerc,_776_5": 0.2, "21_grace_776_5": 0.2, "22_a_776_5": 0.0, "23_carte_776_5": 0.0, "0_KLEPON_receipt_00505_1": 0.0, "1_8,000_receipt_00505_1": 0.0, "2_AMOUNT_receipt_00505_1": 0.16666666666666666, "3_-2,550_receipt_00505_1": 0.16666666666666666, "4_DISC_receipt_00505_1": 0.0, "5_ITEM_receipt_00505_1": 0.25, "6_-30.000%_receipt_00505_1": 0.625, "7_DADAR_receipt_00505_1": 0.2, "8_PISANG_receipt_00505_1": 0.0, "9_8,500_receipt_00505_1": 0.0, "10_AMOUNT_receipt_00505_1": 0.16666666666666666, "11_-2,400_receipt_00505_1": 0.0, "12_DISC_receipt_00505_1": 0.75, "13_ITEM_receipt_00505_1": 0.5, "14_-30.000%_receipt_00505_1": 0.125, "15_LUMPUR_receipt_00505_1": 0.16666666666666666, "16_8,000_receipt_00505_1": 0.8, "17_AMOUNT_receipt_00505_1": 0.0, "18_-2,700_receipt_00505_1": 0.8333333333333334, "19_DISC_receipt_00505_1": 0.0, "20_ITEM_receipt_00505_1": 0.75, "21_-30.000%_receipt_00505_1": 0.625, "22_SOSIS_receipt_00505_1": 1.0, "23_SOLO_receipt_00505_1": 0.75, "24_9,000_receipt_00505_1": 0.8, "25_AMOUNT_receipt_00505_1": 0.0, "26_-2,400_receipt_00505_1": 0.6666666666666666, "27_DISC_receipt_00505_1": 0.25, "28_ITEM_receipt_00505_1": 0.5, "29_-30.000%_receipt_00505_1": 0.125, "30_BANANA_receipt_00505_1": 0.0, "31_KISMIS_receipt_00505_1": 0.16666666666666666, "32_8,000_receipt_00505_1": 0.0, "33_AMOUNT_receipt_00505_1": 0.0, "34_-5,700_receipt_00505_1": 0.0, "35_DISC_receipt_00505_1": 0.0, "36_ITEM_receipt_00505_1": 0.5, "37_-30.000%_receipt_00505_1": 0.125, "38_LUMPIA_receipt_00505_1": 0.3333333333333333, "39_19,000_receipt_00505_1": 0.0, "40_2X_receipt_00505_1": 1.0, "41_@9500_receipt_00505_1": 0.2, "0_J'OPTIMISME_581_2": 0.0, "1_4.01.17_581_2": 0.0, "2_18:19_581_2": 0.2, "3_0045_581_2": 0.25, "4_0182_581_2": 0.0, "5_08_581_2": 0.5, "6_115_581_2": 0.6666666666666666, "7_\u20ac_581_2": 1.0, "8_Cartes_581_2": 0.0, "9_Bancaires_581_2": 0.0, "10_29_581_2": 0.0, "11_ARTICLES_581_2": 0.0, "12_TOTAL_581_2": 0.0, "13_A_581_2": 0.0, "14_PAYER_581_2": 0.0, "15_29,39_581_2": 0.2, "16_TOTAL._581_2": 0.16666666666666666, "17_AVANTAGES_581_2": 0.0, "18_DES_581_2": 0.0, "19_DU_581_2": 1.0, "20_JOUR_581_2": 0.0, "21_11,90-_581_2": 0.16666666666666666, "0_161,333_receipt_00005_1": 0.14285714285714285, "1_BCA_receipt_00005_1": 0.3333333333333333, "2_Card_receipt_00005_1": 0.0, "3_100,000_receipt_00005_1": 0.0, "4_Coupon_receipt_00005_1": 0.0, "5_261,333_receipt_00005_1": 0.0, "6_TOTAL_receipt_00005_1": 0.0, "7_23,758_receipt_00005_1": 0.16666666666666666, "8_PB1_receipt_00005_1": 0.3333333333333333, "9_16,575_receipt_00005_1": 0.16666666666666666, "10_Service_receipt_00005_1": 0.0, "11_221,000_receipt_00005_1": 0.0, "12_SUBTOTAL_receipt_00005_1": 0.0, "0_Merci_772_1": 0.0, "1_de_772_1": 1.0, "2_votre_772_1": 0.0, "3_visite_772_1": 0.16666666666666666, "4_6000_772_1": 0.5, "5_9100_772_1": 1.0, "6_3002_772_1": 1.0, "7_8:28_772_1": 0.75, "8_21_772_1": 1.0, "9_:_772_1": 1.0, "10_A_772_1": 1.0, "11_17:50_772_1": 1.0, "12_12_772_1": 0.5, "13_TICKET_772_1": 0.0, "14_288282_772_1": 0.0, "15_12/01/2017_772_1": 0.0, "16_:_772_1": 1.0, "17_LE_772_1": 0.0, "18_CAISSE_772_1": 0.0, "19_186_772_1": 0.0, "20_01_772_1": 0.0, "21_-_772_1": 1.0, "22_-0_772_1": 0.0, "23_ESPECES:_772_1": 0.25, "24_05_772_1": 0.5, "25_ESPECES:_772_1": 0.5, "26_00_772_1": 0.5, "27_5_772_1": 1.0, "28_PAIEMENT_772_1": 0.125, "29_EN_772_1": 0.0, "30_EURO_772_1": 0.25, "31_4,95_772_1": 0.5, "32_EN_772_1": 0.0, "33_EURO_772_1": 0.0, "34_NET_772_1": 0.0, "35_A_772_1": 0.0, "36_PAYER_772_1": 0.0, "37_4,95_772_1": 0.25, "38_4.95_772_1": 0.25, "39_30140800_772_1": 0.125, "40_PLANETE_772_1": 0.0, "0_CHANGE DUE_receipt_00201_1": 0.3, "1_27,000_receipt_00201_1": 0.3333333333333333, "2_CASHIDR_receipt_00201_1": 0.0, "3_50.000_receipt_00201_1": 0.5, "4_GRAND TOTAL_receipt_00201_1": 0.09090909090909091, "5_23,000_receipt_00201_1": 0.3333333333333333, "6_SUB_receipt_00201_1": 0.3333333333333333, "7_TOTAL_receipt_00201_1": 0.0, "8_23,000_receipt_00201_1": 0.3333333333333333, "0_1.45\u20ac_516_1": 0.4, "1_CHO_516_1": 0.0, "2_OF_516_1": 0.0, "3_ECO_516_1": 0.0, "4_4B_516_1": 0.5, "5_YOP_516_1": 0.6666666666666666, "6_1.45\u20ac_516_1": 0.4, "7_VAB_516_1": 1.0, "8_FRAISE_516_1": 0.0, "9_OFF_516_1": 0.0, "10_ECO_516_1": 0.0, "11_2.25\u20ac_516_1": 0.4, "12_M&M'S&FRIENDS_516_1": 0.46153846153846156, "13_BOTT_516_1": 0.0, "14_2.25\u20ac_516_1": 0.4, "15_M&H'S&FRIENDS_516_1": 0.38461538461538464, "16_BOTT_516_1": 0.0, "17_REMISE_516_1": 0.16666666666666666, "18_-1.88\u20ac_516_1": 0.5, "19_1.88\u20ac_516_1": 0.4, "20_LTX5_516_1": 0.0, "21_HWD_516_1": 0.3333333333333333, "22_POWERFRES_516_1": 0.1111111111111111, "23_1.88\u20ac_516_1": 0.4, "24_LTX5_516_1": 0.25, "25_HWD_516_1": 0.3333333333333333, "26_ICEFRESH_516_1": 0.125, "27_1.52\u20ac_516_1": 0.4, "28_*EMMENTAL_516_1": 0.3333333333333333, "29_RAPE_516_1": 0.0, "30_CRF_516_1": 0.0, "31_40/60_516_1": 0.4, "32_2.02\u20ac_516_1": 0.4, "33_CREV.CUITE_516_1": 0.0, "34_11.28\u20ac_516_1": 0.3333333333333333, "35_BTE_516_1": 0.0, "36_9_516_1": 0.0, "37_CHAMPS-EL_516_1": 0.1111111111111111, "38_LT_516_1": 0.5, "39_3.70\u20ac_516_1": 0.4, "40_BALLOTIN_516_1": 0.0, "41_ISIS_516_1": 0.0, "42_RO_516_1": 0.0, "43_-_516_1": 1.0, "44_3.66\u20ac_516_1": 0.4, "45_PLT_516_1": 0.0, "46_*800G_516_1": 0.4, "47_CORDON_516_1": 0.0, "48_1.09_516_1": 0.0, "49_3.27\u20ac_516_1": 0.4, "50_3x_516_1": 1.0, "51_TOMACOULI_516_1": 0.1111111111111111, "52_AIL_516_1": 0.0, "53_500G_516_1": 0.25, "54_0.53\u20ac_516_1": 0.4, "55_RIZ_516_1": 0.0, "56_LONG_516_1": 0.0, "57_4X125G_516_1": 0.3333333333333333, "58_0.48_516_1": 0.0, "59_4.32\u20ac_516_1": 0.4, "60_9x_516_1": 1.0, "61_1/6HARI.LE_516_1": 0.2, "62_PHARE_516_1": 0.0, "0_03-7731_X51005337872_0": 0.0, "1_8169_X51005337872_0": 0.0, "2_TEL_X51005337872_0": 0.0, "3_JAYA,_X51005337872_0": 0.0, "4_47400_X51005337872_0": 0.0, "5_PJ._X51005337872_0": 0.3333333333333333, "6_DAMANSARA_X51005337872_0": 0.0, "7_22/19,_X51005337872_0": 0.8333333333333334, "8_75,_X51005337872_0": 0.3333333333333333, "9_JALAN_X51005337872_0": 0.0, "10_SS_X51005337872_0": 1.0, "11_122703_X51005337872_0": 0.16666666666666666, "12_BHD._X51005337872_0": 0.0, "13_SDN._X51005337872_0": 0.0, "14_DELIGHTS_X51005337872_0": 0.0, "15_ROASTED_X51005337872_0": 0.0, "16_SYL_X51005337872_0": 0.0, "0_de_654_2": 0.0, "1_TVA_654_2": 0.0, "2_294_654_2": 0.0, "3_R.C.S._654_2": 0.5, "4_PARIS_654_2": 0.0, "5_790_654_2": 0.3333333333333333, "6_858_654_2": 0.0, "7_SIREN_654_2": 0.0, "8_France_654_2": 0.0, "9_Paris_654_2": 0.0, "10_75009_654_2": 0.2, "11_Victoire_654_2": 0.0, "12_de_654_2": 0.0, "13_52_654_2": 0.0, "14_Rue_654_2": 0.0, "15_la_654_2": 0.0, "16_C/0_654_2": 0.3333333333333333, "17_TMF_654_2": 0.0, "18_Pole_654_2": 0.0, "19_SAS_654_2": 0.0, "20_Primark_654_2": 0.0, "21_France_654_2": 0.0, "22_siege_654_2": 0.0, "23_Adresse_654_2": 0.0, "24_du_654_2": 0.0, "25_Retourne(s)_654_2": 0.0, "26_Article(s)_654_2": 0.0, "27_0_654_2": 1.0, "28_12_654_2": 0.0, "29_Article(s)_654_2": 0.0, "30_Vendu(s)_654_2": 0.0, "31_Oper_654_2": 0.0, "32_:1221293_654_2": 0.0, "33_:05/06/17_654_2": 0.1111111111111111, "34_Heure_654_2": 0.0, "35_:14:45_654_2": 0.8333333333333334, "36_Date_654_2": 0.0, "37_Magasin_654_2": 0.0, "38_Tran_654_2": 0.0, "39_:213353_654_2": 0.14285714285714285, "40_:0221_654_2": 0.2, "41_Caisse_654_2": 0.0, "42_:003_654_2": 0.25, "43_plait_654_2": 0.0, "44_archives_654_2": 0.0, "45_conservez_654_2": 0.0, "46_vos_654_2": 0.0, "47_S'il_654_2": 0.5, "48_vous_654_2": 0.0, "49_verifie_654_2": 0.0, "50_PIN_654_2": 0.0, "0_A_527_2": 0.0, "1_BIENTOT_527_2": 0.0, "2_VOTRE_527_2": 0.0, "3_VISITE_527_2": 0.0, "4_MERCI_527_2": 0.0, "5_DE_527_2": 0.0, "6_28/04/2017_527_2": 0.0, "7_005_527_2": 0.0, "8_000126_527_2": 0.0, "9_13:00:17_527_2": 0.0, "10_0002_527_2": 0.0, "0_6,000_receipt_00431_1": 0.0, "1_50,000_receipt_00431_1": 0.0, "2_CASH_receipt_00431_1": 0.0, "3_44,000_receipt_00431_1": 0.0, "4_TOTAL_receipt_00431_1": 0.0, "5_4,000_receipt_00431_1": 0.0, "6_PB_receipt_00431_1": 0.0, "7_1_receipt_00431_1": 0.0, "8_10%_receipt_00431_1": 0.0, "9_40,000_receipt_00431_1": 0.0, "10_SUBTOTAL_receipt_00431_1": 0.0, "11_40,000_receipt_00431_1": 0.0, "12_SATE_receipt_00431_1": 0.0, "13_T1_receipt_00431_1": 1.0, "0_8_receipt_00538_1": 0.0, "1_Pajak_receipt_00538_1": 1.0, "2_Rest_receipt_00538_1": 0.0, "3_10%_receipt_00538_1": 0.3333333333333333, "4_26.145_receipt_00538_1": 0.0, "5_Servi_receipt_00538_1": 0.0, "6_Charge_receipt_00538_1": 0.0, "7_12.450_receipt_00538_1": 0.0, "8_5%_receipt_00538_1": 0.5, "9_Subtotal_receipt_00538_1": 0.0, "10_249.000_receipt_00538_1": 0.0, "11_24.500_receipt_00538_1": 0.0, "12_1_receipt_00538_1": 0.0, "13_Teh_receipt_00538_1": 0.0, "14_Tubruk_receipt_00538_1": 0.0, "15_Jahe_receipt_00538_1": 0.5, "16_Panas_receipt_00538_1": 0.8, "17_22.000_receipt_00538_1": 0.0, "18_2_receipt_00538_1": 0.0, "19_Teh_receipt_00538_1": 0.0, "20_Tawar_receipt_00538_1": 0.0, "21_Mendoan_receipt_00538_1": 0.0, "22_31.000_receipt_00538_1": 0.0, "23_1_receipt_00538_1": 0.0, "24_Ayam_receipt_00538_1": 0.0, "25_Penyet_receipt_00538_1": 0.16666666666666666, "26_Glede_receipt_00538_1": 0.0, "27_44.000_receipt_00538_1": 0.0, "28_1_receipt_00538_1": 0.0, "29_Sambal_receipt_00538_1": 0.0, "30_49.000_receipt_00538_1": 0.16666666666666666, "31_1_receipt_00538_1": 0.0, "32_NASI_receipt_00538_1": 0.25, "33_LIWET_receipt_00538_1": 0.0, "34_Goreng_receipt_00538_1": 0.0, "35_69.500_receipt_00538_1": 0.0, "36_1_receipt_00538_1": 0.0, "37_Nasi_receipt_00538_1": 0.0, "38_Buntut_receipt_00538_1": 0.0, "39_9.000_receipt_00538_1": 0.2, "40_1_receipt_00538_1": 0.0, "41_Mineral_receipt_00538_1": 0.0, "42_Water_receipt_00538_1": 0.0, "0_Tel_304_0": 0.3333333333333333, "1_ROCHELLE_304_0": 0.0, "2_LA_304_0": 0.0, "3_17000_304_0": 0.0, "4_SCIERIE_304_0": 0.0, "5_DE_304_0": 0.0, "6_LA_304_0": 0.5, "7_33_304_0": 0.0, "8_RUE_304_0": 0.0, "9_ROCHELLE_304_0": 0.0, "10_CRF-CITY_304_0": 0.125, "11_LA_304_0": 0.0, "0_Grand_receipt_00055_1": 0.0, "1_Total_receipt_00055_1": 0.0, "2_:_receipt_00055_1": 1.0, "3_17,999_receipt_00055_1": 0.6666666666666666, "4_Pajak_receipt_00055_1": 0.6, "5_:_receipt_00055_1": 2.0, "6_Resto_receipt_00055_1": 0.2, "7_1,636_receipt_00055_1": 0.6, "8_Sub_receipt_00055_1": 0.0, "9_Total_receipt_00055_1": 0.0, "10_16,363_receipt_00055_1": 0.3333333333333333, "11_:_receipt_00055_1": 1.0, "12_Jumlah_receipt_00055_1": 0.3333333333333333, "13_:_receipt_00055_1": 3.0, "14_Item_receipt_00055_1": 0.5, "15_1_receipt_00055_1": 3.0, "16_16,363_receipt_00055_1": 0.3333333333333333, "17_16,363_receipt_00055_1": 0.5, "18_X_receipt_00055_1": 1.0, "19_1_receipt_00055_1": 1.0, "20_(L)_receipt_00055_1": 1.0, "21_THAI_receipt_00055_1": 0.25, "22_ICED_receipt_00055_1": 1.0, "23_TEA_receipt_00055_1": 0.3333333333333333, "0_remercie_508_1": 0.0, "1_Vous_508_1": 0.0, "2_de_508_1": 0.0, "3_votre_508_1": 0.0, "4_visite_508_1": 0.0, "5_CARREFOUR_508_1": 0.0, "6_MARKET_508_1": 0.0, "7_AYTRE_508_1": 0.0, "8_repris_508_1": 0.0, "9_echange_508_1": 0.0, "10_ni_508_1": 0.0, "11_Solde_508_1": 0.0, "12_ni_508_1": 0.0, "13_28/02/2017_508_1": 0.0, "14_0124_508_1": 0.5, "15_008_508_1": 0.0, "16_000267_508_1": 0.0, "17_19:32:31_508_1": 0.0, "18_Votre_508_1": 0.0, "19_Monnaie_508_1": 0.0, "20_-5.95\u20ac_508_1": 0.3333333333333333, "21_ESPECES_508_1": 0.0, "22_EUR_508_1": 0.0, "23_10.00\u20ac_508_1": 0.3333333333333333, "24_(S)_508_1": 0.6666666666666666, "25_ARTICLE_508_1": 0.0, "26_TOTAL_508_1": 0.0, "27_A_508_1": 0.0, "28_PAYER_508_1": 0.0, "29_4.05\u20ac_508_1": 0.4, "30_TOTAL_508_1": 0.0, "31_NON_508_1": 0.3333333333333333, "32_ALINENTAIRE_508_1": 0.36363636363636365, "33_4.05\u20ac_508_1": 0.4, "34_4.05\u20ac_508_1": 0.4, "35_XH_508_1": 0.0, "36_REPARATION_508_1": 0.0, "37_VELO_508_1": 0.5, "0_ENTITLED_X51005268200_3": 0.0, "1_EXCHANGE._X51005268200_3": 0.1111111111111111, "2_FOR_X51005268200_3": 0.3333333333333333, "3_GOODS_X51005268200_3": 0.0, "4_HUST_X51005268200_3": 0.0, "5_O_X51005268200_3": 2.0, "6_BE_X51005268200_3": 0.0, "7_STATE_X51005268200_3": 0.0, "8_BE_X51005268200_3": 1.0, "9_IN_X51005268200_3": 1.0, "10_ORIGNAL_X51005268200_3": 0.14285714285714285, "11_EXCHANGE_X51005268200_3": 0.25, "12_WITHIN_X51005268200_3": 0.0, "13_EEK_X51005268200_3": 0.6666666666666666, "14_FRO_X51005268200_3": 0.6666666666666666, "15_GUODS_X51005268200_3": 0.8, "16_FROVIDE_X51005268200_3": 0.0, "17_ORLGINAL_X51005268200_3": 0.125, "18_BILL_X51005268200_3": 0.25, "19_FOR_X51005268200_3": 0.3333333333333333, "0_22.000_receipt_00072_1": 0.3333333333333333, "1_Change:_receipt_00072_1": 0.2857142857142857, "2_50.000_receipt_00072_1": 0.16666666666666666, "3_Tendered:_receipt_00072_1": 0.2222222222222222, "4_Cash_receipt_00072_1": 0.5, "5_28.000_receipt_00072_1": 0.16666666666666666, "6_Total._receipt_00072_1": 0.0, "7_2_receipt_00072_1": 0.0, "8_Item:_receipt_00072_1": 0.0, "9_Total_receipt_00072_1": 0.2, "10_0_receipt_00072_1": 1.0, "11_x1_receipt_00072_1": 1.0, "12_0_receipt_00072_1": 1.0, "0_ _receipt_00487_2": 2.0, "0_Rp._receipt_00478_2": 0.3333333333333333, "1_CASH_receipt_00478_2": 0.0, "2_250.000_receipt_00478_2": 0.0, "0_DESCRIPTION_561_0": 0.0, "1_QTE_561_0": 1.0, "2_MONTANT_561_0": 0.14285714285714285, "3_:_561_0": 1.0, "4_Tel_561_0": 0.0, "5_LA_561_0": 0.0, "6_ROCHELLE_561_0": 0.0, "7_17000_561_0": 0.0, "8_3/5_561_0": 0.0, "9_DE_561_0": 0.0, "10_CORDOUAN_561_0": 0.0, "11_RUE_561_0": 0.0, "12_ROCHELLE/CRD_561_0": 0.0, "13_CRF-CITY_561_0": 0.0, "14_LA_561_0": 0.0, "0_(S)_467_2": 0.6666666666666666, "1_32.46\u20ac_467_2": 0.0, "2_ARTICLE_467_2": 0.0, "3_TOTAL_467_2": 0.4, "4_RENISES_467_2": 0.14285714285714285, "5_26_467_2": 0.0, "6_AVANT_467_2": 0.2, "7_1.35\u20ac_467_2": 0.4, "8_TOTAL_467_2": 0.0, "9_NON_467_2": 0.6666666666666666, "10_ALIMENTAIRE_467_2": 0.2727272727272727, "11_100_467_2": 0.0, "12_GOBELETS_467_2": 0.125, "13_BLANC_467_2": 0.0, "14_1.35\u20ac_467_2": 0.4, "15_/_467_2": 1.0, "16_HYGIEME_467_2": 0.2857142857142857, "17_/_467_2": 1.0, "18_OTAL_467_2": 1.0, "19_BEAUTE_467_2": 0.0, "20_SANTE_467_2": 0.0, "21_0.77\u20ac_467_2": 0.4, "22_MOUCH.BLC_467_2": 0.2222222222222222, "23_B_467_2": 0.0, "24_0.77\u20ac_467_2": 0.4, "25_TOTAL_467_2": 0.0, "26_ALINENTAIRE_467_2": 0.09090909090909091, "27_10.34\u20ac_467_2": 0.3333333333333333, "28_REVEIL_467_2": 0.0, "29_*TROPICANA_467_2": 0.1, "30_2.49\u20ac_467_2": 0.4, "31_PORTION_467_2": 0.0, "32_*TARTARE_467_2": 0.125, "33_1.66_467_2": 0.0, "34_3.32\u20ac_467_2": 0.4, "35_10_467_2": 0.0, "36_2x_467_2": 0.5, "37_7.49\u20ac_467_2": 0.4, "38_TRANCHE_467_2": 0.0, "39_POITRINE_467_2": 0.125, "40_POITRINE_467_2": 0.0, "41_TRANCHE_467_2": 0.0, "42_6.90\u20ac_467_2": 0.4, "43_6.86\u20ac_467_2": 0.4, "44_POITRINE_467_2": 0.0, "45_TRANCHE_467_2": 0.0, "46_3.44\u20ac_467_2": 0.4, "47_POITRINE_467_2": 0.0, "48_S/OS_467_2": 0.75, "0_ _receipt_00288_0": 2.0, "0_1,241,790_receipt_00266_1": 0.0, "1_DU_receipt_00266_1": 1.0, "2_112,890_receipt_00266_1": 0.2857142857142857, "3_10%_receipt_00266_1": 1.0, "4_Tax_receipt_00266_1": 1.0, "5_63,900_receipt_00266_1": 0.5, "6_SERVICE_receipt_00266_1": 0.5714285714285714, "7_CHARGE_receipt_00266_1": 0.16666666666666666, "8_1,065,000_receipt_00266_1": 0.5555555555555556, "9_SUBTOTAL_receipt_00266_1": 0.0, "10_20,000_receipt_00266_1": 0.0, "11_OTHERS_receipt_00266_1": 1.0, "12_86,000_receipt_00266_1": 0.16666666666666666, "13_BEVERAGES_receipt_00266_1": 0.1111111111111111, "14_959,000_receipt_00266_1": 0.0, "15_FOOD_receipt_00266_1": 0.75, "16_20,000_receipt_00266_1": 0.0, "17_10,000_receipt_00266_1": 0.0, "18_PUTIH_receipt_00266_1": 0.6, "19_2_receipt_00266_1": 0.0, "20_NASI_receipt_00266_1": 0.75, "21_KWAN'IM_receipt_00266_1": 0.7142857142857143, "22_CHINESE_receipt_00266_1": 0.0, "23_14,000_receipt_00266_1": 0.0, "24_TEA_receipt_00266_1": 1.0, "25_1_receipt_00266_1": 2.0, "26_12,000_receipt_00266_1": 0.16666666666666666, "27_1_receipt_00266_1": 1.0, "28_ICED_receipt_00266_1": 1.25, "29_TEA_receipt_00266_1": 0.3333333333333333, "30_38,000_receipt_00266_1": 0.5, "31_1_receipt_00266_1": 1.0, "32_BURUNG_receipt_00266_1": 0.5, "33_DARA_receipt_00266_1": 0.0, "34_SUP_receipt_00266_1": 1.0, "35_=*LARGE*==_receipt_00266_1": 0.4, "36_172,000_receipt_00266_1": 0.14285714285714285, "37_1_receipt_00266_1": 1.0, "38_CUMI_receipt_00266_1": 1.0, "39_JUNJAN_receipt_00266_1": 1.0, "40_GR_receipt_00266_1": 1.0, "0_A_225_3": 0.0, "1_BIENTOT_225_3": 0.0, "2_Vous_225_3": 0.0, "3_remercie_225_3": 0.0, "4_de_225_3": 0.0, "5_votre_225_3": 0.0, "6_visite_225_3": 0.0, "7_CARREFOUR_225_3": 0.0, "8_MARKET_225_3": 0.0, "9_AYTRE_225_3": 0.0, "0_Heros_213_5": 0.4, "1_Figurine(s)_213_5": 0.0, "2_Super_213_5": 0.0, "3_Mania_213_5": 0.0, "4_3.0_213_5": 0.6666666666666666, "5_Grace_213_5": 0.0, "6_a_213_5": 0.0, "7_vos_213_5": 0.0, "8_achats_213_5": 0.0, "0_E.leclerc_782_1": 0.3333333333333333, "1_Alec_782_1": 0.75, "2_la_782_1": 0.0, "3_carte_782_1": 0.0, "4_20%00_782_1": 0.2, "5_22.30_782_1": 0.2, "6_4.46_782_1": 0.0, "7_26.76_782_1": 0.0, "8_2.08_782_1": 0.0, "9_10%00_782_1": 0.2, "10_20.82_782_1": 0.0, "11_22.90_782_1": 0.0, "12_Code_782_1": 0.0, "13_HT_782_1": 0.0, "14_TVA_782_1": 0.6666666666666666, "15_TC_782_1": 1.0, "16_Rendu_782_1": 0.0, "17_0.00_782_1": 0.0, "18_49.66_782_1": 0.0, "19_CB_782_1": 0.5, "20_49.66_782_1": 0.0, "21_Total_782_1": 0.2, "22_3_782_1": 0.0, "23_articles_782_1": 0.0, "24_FLEURS_782_1": 0.0, "25_COUPEES_782_1": 0.0, "26_22.90_782_1": 0.0, "27_1_782_1": 1.0, "28_PM/CHAINE_782_1": 0.1111111111111111, "29_CPE-ONGLES_782_1": 0.1, "30_2.26_782_1": 0.0, "31_5_782_1": 0.0, "32_GENTLEHAN_782_1": 0.0, "33_JACK_782_1": 0.0, "34_40D.70CL_782_1": 0.0, "35_24.50_782_1": 0.0, "0_QTE_365_0": 1.3333333333333333, "1_MONTANT_365_0": 0.14285714285714285, "2_DESCRIPTION_365_0": 0.0, "3_Tel_365_0": 0.0, "4_LA_365_0": 0.0, "5_ROCHELLE_365_0": 0.0, "6_17000_365_0": 0.0, "7_SCIERIE_365_0": 0.0, "8_33_365_0": 0.0, "9_RUE_365_0": 0.0, "10_DE_365_0": 0.0, "11_LA_365_0": 0.0, "12_ROCHELLE_365_0": 0.0, "13_CRF-CITY_365_0": 0.0, "14_LA_365_0": 0.0, "0_/_231_1": 1.0, "1_/_231_1": 1.0, "2_TOTAL_231_1": 0.0, "3_BEAUTE_231_1": 0.0, "4_SANTE_231_1": 0.0, "5_HYGIENE_231_1": 0.0, "6_4.04\u20ac_231_1": 0.4, "7_50ML_231_1": 0.25, "8_DEO_231_1": 0.3333333333333333, "9_BIL.NAT.P_231_1": 0.0, "10_4.04\u20ac_231_1": 0.4, "11_25.27\u20ac_231_1": 0.3333333333333333, "12_ALIMENTAIRE_231_1": 0.0, "13_TOTAL_231_1": 0.0, "14_FLAHBEE_231_1": 0.14285714285714285, "15_GRAT_231_1": 0.0, "16_2.08\u20ac_231_1": 0.4, "17_TARTE_231_1": 0.0, "18_SCE_231_1": 0.0, "19_1.67\u20ac_231_1": 0.4, "20_TOMATE_231_1": 0.0, "21_BIO_231_1": 0.0, "22_DEJEUNER_231_1": 0.0, "23_CHO_231_1": 0.0, "24_2.23\u20ac_231_1": 0.4, "25_PETIT_231_1": 0.0, "26_500GR_231_1": 0.4, "27_1.75\u20ac_231_1": 0.4, "28_LE_231_1": 0.0, "29_PAVE_231_1": 0.5, "30_3.53\u20ac_231_1": 0.4, "31_GATEAU_231_1": 0.16666666666666666, "32_CHARENTAIS_231_1": 0.0, "33_2.35\u20ac_231_1": 0.4, "34_NATURE_231_1": 0.0, "35_250_231_1": 0.0, "36_GALETTE_231_1": 0.14285714285714285, "37_GALETTE_231_1": 0.14285714285714285, "38_AUX_231_1": 0.0, "39_PRUNEA_231_1": 0.16666666666666666, "40_2.90\u20ac_231_1": 0.4, "41_2.42\u20ac_231_1": 0.4, "42_375G_231_1": 0.25, "43_RATATOUILLE_231_1": 0.0, "44_C_231_1": 1.0, "45_2.97\u20ac_231_1": 0.4, "46_250G_231_1": 0.25, "47_RAVIOLI_231_1": 0.0, "48_PLT_231_1": 0.0, "49_P_231_1": 1.0, "50_COQUILLETTE_231_1": 0.0, "51_0.94\u20ac_231_1": 0.4, "52_1KG_231_1": 0.3333333333333333, "53_P._231_1": 0.5, "54_1.10\u20ac_231_1": 0.4, "55_1/2_231_1": 0.3333333333333333, "56_RAVIOLI_231_1": 0.0, "57_PUR_231_1": 0.0, "58_BF_231_1": 0.0, "59_1.33\u20ac_231_1": 0.4, "60_1/2_231_1": 0.3333333333333333, "61_CANNELLONI_231_1": 0.1, "62_CRF_231_1": 0.3333333333333333, "0_DE_759_3": 0.0, "1_VOTRE_759_3": 0.6, "2_MAGASIN_759_3": 0.14285714285714285, "3_CARTE_759_3": 0.0, "4_AVEC_759_3": 0.0, "5_LA_759_3": 0.0, "6_PLUS_759_3": 0.0, "7_ET_759_3": 0.0, "8_TOUJOURS_759_3": 0.0, "9_VOTRE_759_3": 0.4, "10_DE_759_3": 0.0, "11_VISITE_759_3": 0.0, "0_CARTE_289_1": 0.0, "1_BANCAIRE_289_1": 0.0, "2_EMV_289_1": 0.0, "3_EUR_289_1": 0.0, "4_9.11\u20ac_289_1": 0.4, "5_AITICLE(S)_289_1": 0.1, "6_TOTAL_289_1": 0.0, "7_A_289_1": 0.0, "8_PAYER_289_1": 0.0, "9_9.11\u20ac_289_1": 0.0, "10_0.535kg_289_1": 0.0, "11_2.95\u20ac/kg_289_1": 0.375, "12_x_289_1": 0.0, "13_*POHME_289_1": 0.16666666666666666, "14_CHANTECLERC_289_1": 0.09090909090909091, "15_1.58\u20ac_289_1": 0.4, "16_*EAU_289_1": 0.5, "17_CIISTALINE_289_1": 0.1, "18_X6_289_1": 0.5, "19_1.20\u20ac_289_1": 0.4, "20_0.355kg_289_1": 0.14285714285714285, "21_x_289_1": 0.0, "22_2.80\u20ac/kg_289_1": 0.375, "23_*CLEMEITINE_289_1": 0.09090909090909091, "24_0.99\u20ac_289_1": 0.4, "25_*CAROTIE_289_1": 0.0, "26_RAPE_289_1": 0.0, "27_BIO_289_1": 0.0, "28_1.60\u20ac_289_1": 0.4, "29_0.205kg_289_1": 0.14285714285714285, "30_x_289_1": 1.0, "31_1.95\u20ac/kg_289_1": 0.375, "32_*BANANE_289_1": 0.2857142857142857, "33_0.40\u20ac_289_1": 0.4, "34_*350G_289_1": 0.4, "35_SALE_289_1": 0.0, "36_T_289_1": 2.0, "37_LENT._289_1": 0.0, "38_3.34\u20ac_289_1": 0.4, "0_-1_receipt_00692_1": 1.0, "1_++Rounding_receipt_00692_1": 0.2, "2_17,001_receipt_00692_1": 0.8333333333333334, "3_Total_receipt_00692_1": 0.0, "4_1_receipt_00692_1": 1.0, "5_1,546_receipt_00692_1": 0.4, "6_PAJAK_receipt_00692_1": 0.6, "7_10%_receipt_00692_1": 0.6666666666666666, "0_1_X51005444037_0": 0.0, "1_Mont_X51005444037_0": 0.0, "2_Kiara_X51005444037_0": 0.0, "3_Nando's_X51005444037_0": 0.0, "4_Sdn_X51005444037_0": 0.0, "5_Bhd_X51005444037_0": 0.0, "6_Malaysia_X51005444037_0": 0.0, "7_Nando's_X51005444037_0": 0.0, "8_Chickenland_X51005444037_0": 0.0, "9_PERI-PERI_X51005444037_0": 0.1111111111111111, "10_CHICKEN_X51005444037_0": 0.0, "0_ _receipt_00495_0": 1.0, "0_0.83\u20ac_227_1": 0.4, "1_COURGETTE_227_1": 0.0, "2_1.35\u20ac_227_1": 0.4, "3_BOULE_227_1": 0.0, "4_BLANCHE_227_1": 0.0, "5_2.29\u20ac_227_1": 0.6, "6_BETHMALE_227_1": 0.125, "7_CHEVRE_227_1": 0.16666666666666666, "8_1.35\u20ac_227_1": 0.4, "9_POMME_227_1": 0.2, "10_POIRE_227_1": 0.0, "11_ANDROS_227_1": 0.0, "12_PPA_227_1": 0.0, "13_FQC_227_1": 0.6666666666666666, "14_1.74\u20ac_227_1": 0.4, "15_OEUFS_227_1": 0.0, "16_1.92\u20ac_227_1": 0.4, "17_500G_227_1": 0.25, "18_PDM_227_1": 0.3333333333333333, "19_COMPLET_227_1": 0.0, "20_1.70\u20ac_227_1": 0.4, "21_4006_227_1": 0.25, "22_SAUCE_227_1": 0.0, "23_OLIVES_227_1": 0.3333333333333333, "24_CONF.FRAMB._227_1": 0.18181818181818182, "25_2.39\u20ac_227_1": 0.6, "26_360G_227_1": 0.25, "27_1.27\u20ac_227_1": 0.4, "28_300G_227_1": 0.75, "29_BISCOTTE_227_1": 0.0, "30_COMP_227_1": 0.75, "31_250G_227_1": 0.25, "32_TORT_227_1": 0.0, "33_RICOTTA_227_1": 0.0, "34_2.64\u20ac_227_1": 0.4, "35_200G_227_1": 0.25, "36_CROQ'SOJA_227_1": 0.1111111111111111, "37_2.97\u20ac_227_1": 0.4, "38_1L_227_1": 0.5, "39_LAIT_227_1": 0.25, "40_ECREME_227_1": 0.16666666666666666, "41_BIO_227_1": 0.6666666666666666, "42_3x_227_1": 0.5, "43_0.99_227_1": 0.0, "44_1.10\u20ac_227_1": 0.4, "45_1/2_227_1": 1.0, "46_RAVIOLI_227_1": 0.2857142857142857, "47_PUR_227_1": 0.0, "48_BF_227_1": 0.0, "49_1/2_227_1": 1.0, "50_QUENEL.VOLAIL._227_1": 0.21428571428571427, "51_1.75\u20ac_227_1": 0.4, "52_1/2_227_1": 1.0, "53_CONFIT_227_1": 0.0, "54_AUBERGI_227_1": 0.2857142857142857, "55_2.49\u20ac_227_1": 0.4, "56_1/2_227_1": 1.0, "57_CANNELLONI_227_1": 0.1, "58_CRF_227_1": 0.3333333333333333, "59_1.33\u20ac_227_1": 0.4, "0_24,000_receipt_00517_0": 0.0, "1_ROLL_receipt_00517_0": 0.0, "2_SAUSAGE_receipt_00517_0": 0.0, "3_FRANKFRUT_receipt_00517_0": 0.0, "4_2_receipt_00517_0": 0.0, "5_36,000_receipt_00517_0": 0.0, "6_REDBEAN_receipt_00517_0": 0.0, "7_BREAD_receipt_00517_0": 0.0, "8_4_receipt_00517_0": 1.0, "9_27,000_receipt_00517_0": 0.0, "10_PASTRY_receipt_00517_0": 0.0, "11_ROLL_receipt_00517_0": 0.0, "12_MILK_receipt_00517_0": 0.0, "13_3_receipt_00517_0": 1.0, "0_A_67_1": 0.0, "1_BIENTOT_67_1": 0.0, "2_MERCI_67_1": 0.0, "3_DE_67_1": 0.0, "4_VOTRE_67_1": 0.0, "5_VISITE_67_1": 0.0, "6_0001_67_1": 0.0, "7_002_67_1": 0.0, "8_000055_67_1": 0.16666666666666666, "9_17/02/2016_67_1": 0.1, "10_09:32:27_67_1": 0.125, "11_Votre_67_1": 0.0, "12_Monnaie_67_1": 0.0, "13_-1.23\u20ac_67_1": 0.3333333333333333, "14_ESPECES_67_1": 0.0, "15_EUR_67_1": 0.0, "16_5.00\u20ac_67_1": 0.4, "17_ARTICLE(S)_67_1": 0.0, "18_2_67_1": 0.0, "19_TOTAL_67_1": 0.0, "20_A_67_1": 0.0, "21_PAYER_67_1": 0.0, "22_3.77\u20ac_67_1": 0.4, "23_ALWAYS_67_1": 0.16666666666666666, "24_ULTRA_67_1": 0.0, "25_LONG_67_1": 0.0, "26_2.22\u20ac_67_1": 0.4, "27_12_67_1": 0.0, "28_SERVIETTES.CARF_67_1": 0.0, "29_1.55\u20ac_67_1": 0.4, "0_97,000_receipt_00359_0": 0.0, "1_1_receipt_00359_0": 0.0, "2_YANG_receipt_00359_0": 0.0, "3_YUM_receipt_00359_0": 0.0, "4_GUI_receipt_00359_0": 0.6666666666666666, "0_A_394_2": 0.0, "1_BIENTOT_394_2": 0.0, "2_MERCI_394_2": 0.4, "3_DE_394_2": 0.0, "4_VOTRE_394_2": 0.0, "5_VISITE_394_2": 0.0, "0_ _receipt_00394_0": 2.0, "0_MERCI_409_1": 0.0, "1_DE_409_1": 0.0, "2_VOTRE_409_1": 0.0, "3_VISITE_409_1": 0.0, "4_000023_409_1": 0.16666666666666666, "5_28/04/2017_409_1": 0.1, "6_003_409_1": 0.0, "7_11:55:14_409_1": 0.0, "8_CARTE_409_1": 0.0, "9_BANCAIRE_409_1": 0.0, "10_EMY_409_1": 0.3333333333333333, "11_EUR_409_1": 0.0, "12_12.29\u20ac_409_1": 0.3333333333333333, "13_ARTICLE(S)_409_1": 0.2, "14_4_409_1": 0.0, "15_TOTAL_409_1": 0.0, "16_A_409_1": 0.0, "17_PAYER_409_1": 0.0, "18_12.29\u20ac_409_1": 0.3333333333333333, "19_*POMME_409_1": 0.3333333333333333, "20_BIO_409_1": 0.3333333333333333, "21_X4_409_1": 0.5, "22_3.95\u20ac_409_1": 0.4, "23_*POMEL_409_1": 0.16666666666666666, "24_ROSE_409_1": 0.0, "25_PIECE_409_1": 0.0, "26_0.95e_409_1": 0.4, "27_*COOKIES_409_1": 0.375, "28_CHOCO_409_1": 0.0, "29_1846_409_1": 0.25, "30_1.89\u20ac_409_1": 0.4, "31_*BUDDH_409_1": 0.3333333333333333, "32_BUL_409_1": 0.6666666666666666, "33_FALAFEL_409_1": 0.0, "34_5.50\u20ac_409_1": 0.4, "0_:_13_0": 1.0, "1_Tel_13_0": 0.0, "2_ROCHELLE_13_0": 0.0, "3_17000_13_0": 0.0, "4_LA_13_0": 0.0, "5_SCIERIE_13_0": 0.0, "6_RUE_13_0": 0.0, "7_DE_13_0": 0.0, "8_LA_13_0": 0.0, "9_33_13_0": 0.0, "10_ROCHELLE_13_0": 0.0, "11_LA_13_0": 0.0, "12_CRF-CITY_13_0": 0.0, "0_1_X51005230616_1": 0.0, "1_Coke_X51005230616_1": 0.0, "2_1_X51005230616_1": 0.0, "3_GrilChicBgr_X51005230616_1": 0.0, "4_12.50_X51005230616_1": 0.0, "5_2_X51005230616_1": 0.0, "6_M_X51005230616_1": 0.0, "7_Fries_X51005230616_1": 0.0, "8_2_X51005230616_1": 1.0, "9_Coke_X51005230616_1": 0.0, "10_25.40_X51005230616_1": 0.0, "11_SpicyDeluxe_X51005230616_1": 0.0, "12_2_X51005230616_1": 0.0, "13_TOTAL_X51005230616_1": 0.0, "14_QTY_X51005230616_1": 1.0, "15_ITEM_X51005230616_1": 0.0, "16_#90_X51005230616_1": 0.0, "17_18/01/2018_X51005230616_1": 0.0, "18_17:09:21_X51005230616_1": 0.0, "19_-REG_X51005230616_1": 0.0, "20_#19-_X51005230616_1": 0.0, "21_ORD_X51005230616_1": 0.0, "22_INV#_X51005230616_1": 0.5, "23_1_X51005230616_1": 0.0, "24_MFY_X51005230616_1": 0.0, "25_Side_X51005230616_1": 0.0, "26_INVOICE_X51005230616_1": 0.0, "27_TAX_X51005230616_1": 0.0, "28_:_X51005230616_1": 1.0, "29_Tel_X51005230616_1": 0.0, "30_No._X51005230616_1": 0.0, "31_McDonald's_X51005230616_1": 0.0, "32_Petronas_X51005230616_1": 0.0, "33_Taman_X51005230616_1": 0.0, "34_Melati_X51005230616_1": 0.0, "35_DT_X51005230616_1": 0.0, "0_A_136_2": 0.0, "1_BIENTOT_136_2": 0.0, "2_MERCI_136_2": 0.0, "3_DE_136_2": 0.0, "4_VOTRE_136_2": 0.0, "5_VISITE_136_2": 0.0, "6_0104_136_2": 0.0, "7_000025_136_2": 0.0, "8_19/10/2015_136_2": 0.0, "9_001_136_2": 1.0, "10_18:37:47_136_2": 0.0, "11_CARTE_136_2": 0.0, "12_BANCAIRE_136_2": 0.125, "13_EMV_136_2": 0.0, "14_EUR_136_2": 0.0, "15_18.48\u20ac_136_2": 0.3333333333333333, "0_9/1,D'sara_X51005441398_0": 0.4, "1_Avevue_X51005441398_0": 0.16666666666666666, "2_No1.Jalan_X51005441398_0": 0.2222222222222222, "3_PJU_X51005441398_0": 1.0, "4_B-F-11,_X51005441398_0": 0.7142857142857143, "5_Block_X51005441398_0": 0.0, "6_B_X51005441398_0": 0.0, "7_Avtivo_X51005441398_0": 0.16666666666666666, "8_Plaza.Lot_X51005441398_0": 0.2222222222222222, "9_GST_X51005441398_0": 0.3333333333333333, "10_No_X51005441398_0": 0.5, "11_:_X51005441398_0": 0.0, "12_(1035693-T)_X51005441398_0": 0.09090909090909091, "13_by_X51005441398_0": 0.0, "14_S/B_X51005441398_0": 0.6666666666666666, "15_Castle_X51005441398_0": 0.0, "16_Blue_X51005441398_0": 0.0, "17_Owner_X51005441398_0": 0.2, "18_TAP_X51005441398_0": 0.6666666666666666, "0_Vignette(s)_478_3": 0.0, "1_par_478_3": 0.0, "2_operation_478_3": 0.0, "3_Bravo_478_3": 0.2, "4_vous_478_3": 0.0, "5_avez_478_3": 0.0, "6_cumule_478_3": 0.0, "7_3.0_478_3": 0.0, "8_repris_478_3": 0.0, "9_ni_478_3": 0.0, "10_echanges_478_3": 0.125, "11_ni_478_3": 0.0, "12_A_478_3": 0.0, "13_BIENTOT_478_3": 0.0, "14_Vous_478_3": 0.0, "15_remercie_478_3": 0.0, "16_de_478_3": 0.0, "17_votre_478_3": 0.0, "18_visite_478_3": 0.0, "19_CARREFOUR_478_3": 0.0, "20_MARKET_478_3": 0.0, "21_AYTRE_478_3": 0.0, "22_repris_478_3": 0.3333333333333333, "23_Solde_478_3": 0.0, "24_ni_478_3": 0.0, "25_echange_478_3": 0.0, "26_ni_478_3": 0.5, "0_BIENTOT_358_2": 0.0, "1_MERCI_358_2": 0.0, "2_DE_358_2": 0.0, "3_VOTRE_358_2": 0.0, "4_VISITE_358_2": 0.0, "0_A_147_2": 0.0, "1_BIENTOT_147_2": 0.0, "0_Tel:_709_0": 0.0, "1_0546680705_709_0": 0.0, "2_17138_709_0": 0.0, "3_PUILBOREAU_709_0": 0.1, "4_BEAULIEU_709_0": 0.0, "5_10_709_0": 0.0, "6_2000_709_0": 0.0, "7_04_709_0": 0.0, "8_0500_709_0": 0.0, "0_2_receipt_00054_1": 0.0, "1_Items,_receipt_00054_1": 0.3333333333333333, "2_Kembali_receipt_00054_1": 0.0, "3_1,000_receipt_00054_1": 0.0, "4_Cash_receipt_00054_1": 0.0, "5_30,000_receipt_00054_1": 0.0, "6_Total_receipt_00054_1": 0.0, "7_29,000_receipt_00054_1": 0.3333333333333333, "0_17_713_4": 0.0, "1_260,_713_4": 0.0, "2_$_713_4": 0.0, "3_61_713_4": 0.0, "4_TOTAL_713_4": 0.2, "5_EN_713_4": 0.0, "6_FRANCE_713_4": 0.0, "7_=_713_4": 2.0, "8_EURO_713_4": 0.0, "9_6,55957_713_4": 0.14285714285714285, "10_DOLLARS_713_4": 0.0, "11_1_713_4": 0.0, "0_TOTAL:_713_3": 0.0, "1_0,115_713_3": 0.2, "2_15,_713_3": 0.3333333333333333, "3_1,73_713_3": 1.25, "4_00_713_3": 1.0, "5_MACHE_713_3": 0.0, "6_1,50_713_3": 0.25, "7_1,50_713_3": 0.0, "8_Art_713_3": 0.0, "9_x_713_3": 0.0, "10_Divers_713_3": 0.0, "11_4,60_713_3": 0.25, "12_0,485_713_3": 0.2, "13_2,_713_3": 0.5, "14_23_713_3": 0.0, "15_BROCOLIS_713_3": 0.0, "16_5,90_713_3": 0.5, "17_0,700_713_3": 0.2, "18_4,13_713_3": 0.0, "19_POIREAU_713_3": 0.0, "20_0,50_713_3": 0.0, "21_1,50_713_3": 0.0, "22_Art_713_3": 0.0, "23_3_713_3": 1.0, "24_x_713_3": 0.0, "0_Change_receipt_00083_1": 0.0, "1_0_receipt_00083_1": 1.0, "2_DEBIT_receipt_00083_1": 0.0, "3_101.000_receipt_00083_1": 0.0, "4_Total_receipt_00083_1": 0.0, "5_101.000_receipt_00083_1": 0.0, "6_Subtotal_receipt_00083_1": 0.0, "7_101.000_receipt_00083_1": 0.0, "8_Baked_receipt_00083_1": 0.0, "9_Rice_receipt_00083_1": 0.0, "10_1_receipt_00083_1": 1.0, "11_Mexican_receipt_00083_1": 0.0, "12_58.000_receipt_00083_1": 0.0, "0_10.500,00_receipt_00212_1": 0.0, "1_Change:_receipt_00212_1": 0.42857142857142855, "2_20.000,00_receipt_00212_1": 0.5555555555555556, "3_Tendered:_receipt_00212_1": 0.2222222222222222, "4_Cash_receipt_00212_1": 0.0, "5_9.500,00_receipt_00212_1": 0.125, "6_Total._receipt_00212_1": 0.16666666666666666, "7_1_receipt_00212_1": 1.0, "8_Item:_receipt_00212_1": 0.8, "9_Total_receipt_00212_1": 0.2, "0_Away_receipt_00398_1": 0.25, "1_45,000_receipt_00398_1": 0.5, "2_Total_receipt_00398_1": 0.6, "3_Take_receipt_00398_1": 0.25, "4_4,091_receipt_00398_1": 1.0, "5_PB1_receipt_00398_1": 1.0, "6_(10%)_receipt_00398_1": 1.0, "7_40,909_receipt_00398_1": 0.6666666666666666, "8_Subtotal_receipt_00398_1": 0.25, "9_909_receipt_00398_1": 1.0, "10_BOX_receipt_00398_1": 0.6666666666666666, "11_CHICKEN_receipt_00398_1": 0.14285714285714285, "12_CHANGE_receipt_00398_1": 0.5, "13_TO_receipt_00398_1": 1.5, "14_15,000_receipt_00398_1": 0.5, "15_WHOP_receipt_00398_1": 0.75, "16_JR_receipt_00398_1": 1.0, "17_15K_receipt_00398_1": 0.6666666666666666, "18_25,000_receipt_00398_1": 0.6666666666666666, "19_KCS_receipt_00398_1": 1.6666666666666667, "20_1_receipt_00398_1": 1.0, "0_72.000_receipt_00247_0": 0.16666666666666666, "1_OVO_receipt_00247_0": 1.0, "2_72.000_receipt_00247_0": 0.16666666666666666, "3_Total_receipt_00247_0": 0.6, "4_4_receipt_00247_0": 1.0, "5_ES_receipt_00247_0": 1.0, "6_KOPI_receipt_00247_0": 1.0, "7_72.000_receipt_00247_0": 0.0, "8_SUSU_receipt_00247_0": 0.75, "0_BIENTOT_13_1": 0.0, "1_A_13_1": 0.0, "2_VOTRE_13_1": 0.0, "3_VISITE_13_1": 0.0, "4_MERCI_13_1": 0.0, "5_DE_13_1": 0.0, "6_07/02/2017_13_1": 0.0, "7_18:52:07_13_1": 0.0, "8_004_13_1": 0.0, "9_000532_13_1": 0.0, "10_0004_13_1": 0.25, "11_6.75\u20ac_13_1": 0.4, "12_BANCAIRE_13_1": 0.0, "13_EUR_13_1": 0.0, "14_EMV_13_1": 0.3333333333333333, "15_CARTE_13_1": 0.0, "16_6.75\u20ac_13_1": 0.6, "17_A_13_1": 0.0, "18_PAYER_13_1": 0.0, "19_ARTICLE(S)_13_1": 0.0, "20_TOTAL_13_1": 0.0, "21_2_13_1": 0.0, "22_2.61\u20ac_13_1": 0.4, "23_75CL_13_1": 0.5, "24_*CHTI_13_1": 0.4, "25_BLD_13_1": 0.0, "26_4.14\u20ac_13_1": 0.4, "27_BI009_13_1": 0.2, "28_VDP_13_1": 1.0, "29_OC_13_1": 1.0, "30_RG_13_1": 0.5, "31_*75_13_1": 0.3333333333333333, "32_MONTANT_13_1": 0.14285714285714285, "33_QTE_13_1": 0.3333333333333333, "34_DESCRIPTION_13_1": 0.0, "0_DESCRIPTION_327_0": 0.09090909090909091, "1_QTE_327_0": 0.3333333333333333, "2_MONTANT_327_0": 0.14285714285714285, "3_:_327_0": 1.0, "4_Tel_327_0": 0.0, "5_17000_327_0": 0.0, "6_LA_327_0": 0.5, "7_ROCHELLE_327_0": 0.0, "8_33_327_0": 1.0, "9_RUE_327_0": 0.0, "10_DE_327_0": 0.0, "11_LA_327_0": 1.0, "12_SCIERIE_327_0": 0.0, "13_CRF-CITY_327_0": 0.0, "14_LA_327_0": 0.5, "15_ROCHELLE_327_0": 0.0, "0_MONTANT_318_0": 0.2857142857142857, "1_QTE_318_0": 0.6666666666666666, "2_DESCRIPTION_318_0": 0.0, "3_Tel_318_0": 0.0, "4_ROCHELLE_318_0": 0.0, "5_17000_318_0": 0.0, "6_LA_318_0": 0.0, "7_SCIERIE_318_0": 0.0, "8_DE_318_0": 0.0, "9_LA_318_0": 0.0, "10_RUE_318_0": 0.0, "11_33_318_0": 0.0, "12_ROCHELLE_318_0": 0.0, "13_CRF-CITY_318_0": 0.0, "14_LA_318_0": 0.5, "0_QTE_496_0": 0.0, "1_MONTANT_496_0": 0.2857142857142857, "2_DESCRIPTION_496_0": 0.0, "3_Gargot_496_0": 0.0, "4_Aytre._496_0": 0.0, "5_Nicolas_496_0": 0.0, "6_17440_496_0": 0.0, "7_Rue_496_0": 0.0, "8_Dimanche_496_0": 0.0, "9_9h_496_0": 0.5, "10_12h30_496_0": 0.0, "11_a_496_0": 0.0, "12_Samedi_496_0": 0.16666666666666666, "13_9h_496_0": 0.5, "14_a_496_0": 0.0, "15_20h00_496_0": 0.0, "16_Lundi_496_0": 0.0, "17_au_496_0": 0.0, "18_de_496_0": 0.0, "19_:_496_0": 1.0, "20_Tel_496_0": 0.0, "21_0546457320_496_0": 0.0, "22_market_496_0": 0.0, "23_Carrefour_496_0": 0.0, "24_AYTRE_496_0": 0.0, "0_Votre_750_1": 0.0, "1_avis_750_1": 0.0, "2_nous_750_1": 0.0, "3_interesse_750_1": 0.0, "4_:_750_1": 2.0, "5_RCS_750_1": 0.0, "6_Paris_750_1": 0.0, "7_310161385_750_1": 0.1111111111111111, "8_voyage_750_1": 0.0, "9_Merci_750_1": 0.0, "10_et_750_1": 0.0, "11_bon_750_1": 0.0, "12_***_750_1": 1.0, "13_***_750_1": 1.3333333333333333, "14_A_750_1": 0.0, "15_Rendre_750_1": 0.0, "16_16.50_750_1": 0.0, "17_Regiement_750_1": 0.1111111111111111, "18_3.50_750_1": 1.0, "19_Sous_750_1": 0.0, "20_Total_750_1": 0.0, "21_3.50_750_1": 0.0, "22_Net_750_1": 0.0, "23_TTL_750_1": 0.0, "24_3.18_750_1": 0.0, "25_0.32_750_1": 0.0, "26_TVA_750_1": 0.0, "27_10%_750_1": 0.0, "28_3.50_750_1": 0.0, "29_Especes_750_1": 0.0, "30_20.00_750_1": 0.0, "31_Moyen_750_1": 0.0, "32_Cappuccino_750_1": 0.1, "33_1_750_1": 0.0, "34_3.50_750_1": 0.0, "0_5.000_receipt_00644_1": 0.2, "1_-_receipt_00644_1": 0.0, "2_5.000_receipt_00644_1": 0.0, "3_5.000_receipt_00644_1": 0.0, "4_5.000_receipt_00644_1": 0.0, "5_1_receipt_00644_1": 0.0, "6_Air_receipt_00644_1": 0.0, "0_A_102_1": 0.0, "1_BIENTOT_102_1": 0.0, "2_VOTRE_102_1": 0.0, "3_VISITE_102_1": 0.0, "4_MERCI_102_1": 0.0, "5_DE_102_1": 0.0, "6_26/01/2017_102_1": 0.0, "7_08:21:05_102_1": 0.0, "8_002_102_1": 0.0, "9_000027_102_1": 0.0, "10_0006_102_1": 0.25, "11_6.16\u20ac_102_1": 1.0, "12_CONTACT_102_1": 0.0, "13_EUR_102_1": 0.0, "14_EMV_102_1": 0.3333333333333333, "15_SANS_102_1": 0.0, "16_CB_102_1": 0.5, "17_6.00_102_1": 0.25, "18_\u20ac_102_1": 0.0, "19_(S)_102_1": 1.0, "20_TOTAL_102_1": 0.0, "21_A_102_1": 0.0, "22_PAYER_102_1": 0.0, "23_ARTICLE_102_1": 0.0, "24_2_102_1": 0.0, "25_0.57\u20ac_102_1": 0.4, "26_GAZ_102_1": 0.0, "27_1.25L_102_1": 0.2, "28_EAU_102_1": 0.3333333333333333, "29_*PET_102_1": 0.25, "30_1.59\u20ac_102_1": 0.4, "31_COOKIES_102_1": 0.0, "32_BIO_102_1": 0.0, "33_*2006_102_1": 0.2, "34_*600G_102_1": 0.4, "35_POT_102_1": 0.0, "36_NUTELLA_102_1": 0.14285714285714285, "37_3.84\u20ac_102_1": 0.4, "38_MONTANT_102_1": 0.42857142857142855, "39_QTE_102_1": 1.0, "40_DESCRIPTION_102_1": 0.0, "0_CB_79_1": 0.0, "1_EMV_79_1": 0.3333333333333333, "2_SANS_79_1": 0.0, "3_CONTACT_79_1": 0.0, "4_EUR_79_1": 0.3333333333333333, "5_7.40\u20ac_79_1": 0.4, "6_6_79_1": 0.0, "7_(S)_79_1": 0.3333333333333333, "8_AITICLE_79_1": 0.0, "9_TOTAL_79_1": 0.0, "10_A_79_1": 0.0, "11_PAYER_79_1": 0.0, "12_7.40\u20ac_79_1": 0.4, "13_*SAUCISSES_79_1": 0.2, "14_VOLAILLE_79_1": 0.125, "15_1.32\u20ac_79_1": 0.4, "16_0.360kg_79_1": 0.14285714285714285, "17_1.95\u20ac/kg_79_1": 0.125, "18_x_79_1": 1.0, "19_*POMME_79_1": 0.3333333333333333, "20_ROYAL_79_1": 0.4, "21_GALA_79_1": 0.0, "22_0.70\u20ac_79_1": 0.4, "23_0.735kg_79_1": 0.0, "24_x_79_1": 1.0, "25_2.90\u20ac/kg_79_1": 0.125, "26_*ORANGE_79_1": 0.14285714285714285, "27_2.13\u20ac_79_1": 0.4, "28_0.600kg_79_1": 0.0, "29_0.90\u20ac/kg_79_1": 0.125, "30_x_79_1": 0.0, "31_*CAROTIE_79_1": 0.0, "32_0.54e_79_1": 0.4, "33_*BAGUET_79_1": 0.42857142857142855, "34_TE_79_1": 0.0, "35_250G_79_1": 0.25, "36_0.84\u20ac_79_1": 0.4, "37_1.87\u20ac_79_1": 0.4, "38_*1KG_79_1": 0.75, "39_R:Z_79_1": 0.3333333333333333, "40_BASHATI_79_1": 0.14285714285714285, "0_A_146_1": 0.0, "1_BIENTOT_146_1": 0.0, "2_MERCI_146_1": 0.0, "3_DE_146_1": 0.0, "4_VOTRE_146_1": 0.0, "5_VISITE_146_1": 0.0, "6_0007_146_1": 0.75, "7_000208_146_1": 1.0, "8_17/11/2016_146_1": 1.0, "9_102_146_1": 0.0, "10_13:12:23_146_1": 0.125, "11_CARTE_146_1": 0.0, "12_BANCAIRE_146_1": 0.0, "13_EMV_146_1": 0.3333333333333333, "14_EUR_146_1": 0.0, "15_3.11\u20ac_146_1": 0.2, "16_1_146_1": 2.0, "17_AITICLE_146_1": 0.14285714285714285, "18_(S)_146_1": 1.0, "19_TOTAL_146_1": 0.0, "20_A_146_1": 0.0, "21_PAYER_146_1": 0.0, "22_4.14\u20ac_146_1": 0.4, "23_LD.MANHATTAN_146_1": 0.16666666666666666, "24_215G_146_1": 0.0, "25_5.25\u20ac_146_1": 0.2, "26_DESCRIPIION_146_1": 0.18181818181818182, "27_QTE_146_1": 1.0, "28_MONTANT_146_1": 0.42857142857142855, "0_ _receipt_00507_0": 2.0, "0_50,000_receipt_00498_1": 0.0, "1_CASH_receipt_00498_1": 0.25, "2_12,000_receipt_00498_1": 0.16666666666666666, "3_CARAMEL_receipt_00498_1": 0.14285714285714285, "4_1_receipt_00498_1": 1.0, "5_PASTRY_receipt_00498_1": 0.16666666666666666, "6_9,000_receipt_00498_1": 0.2, "7_MILK_receipt_00498_1": 0.0, "8_PASTRY_receipt_00498_1": 0.16666666666666666, "9_1_receipt_00498_1": 2.0, "10_ROLL_receipt_00498_1": 0.0, "0_ _receipt_00071_0": 2.0, "0_2.16\u20ac_566_1": 0.0, "1_HYGIENE_566_1": 0.0, "2_/_566_1": 1.0, "3_/_566_1": 1.0, "4_BEAUTE_566_1": 0.0, "5_SANTE_566_1": 0.0, "6_TOTAL_566_1": 0.6, "7_2.16\u20ac_566_1": 0.4, "8_ENERGY_566_1": 0.0, "9_OCEAN_566_1": 0.0, "10_BLOC_566_1": 0.0, "11_16.91\u20ac_566_1": 0.3333333333333333, "12_TOTAL_566_1": 0.0, "13_ALINENTAIRE_566_1": 0.09090909090909091, "14_1.25\u20ac_566_1": 0.4, "15_*TERR.CAMP.CRF_566_1": 0.2857142857142857, "16_180G_566_1": 0.25, "17_3.52\u20ac_566_1": 0.2, "18_TROPICANA_566_1": 0.1111111111111111, "19_2L_566_1": 0.5, "20_M_566_1": 2.0, "21_*PET_566_1": 0.0, "22_1.30\u20ac_566_1": 0.4, "23_-25%SEL_566_1": 0.0, "24_*KNACKI_566_1": 0.2857142857142857, "25_2.21\u20ac_566_1": 0.4, "26_*EMINCES_566_1": 0.375, "27_GESIERS_566_1": 0.0, "28_DE_566_1": 0.0, "29_1.56\u20ac_566_1": 0.4, "30_200G_566_1": 0.25, "31_*CERVELAS_566_1": 0.3333333333333333, "32_2.31\u20ac_566_1": 0.4, "33_0.55\u20ac_566_1": 0.4, "34_*BAGUETTE_566_1": 0.0, "35_250_566_1": 0.0, "36_2.66\u20ac_566_1": 0.4, "37_*AIGUILL.POULET_566_1": 0.0, "38_X2_566_1": 0.5, "39_1.55\u20ac_566_1": 0.4, "40_MOJITO_566_1": 0.5, "41_7UP_566_1": 1.0, "42_x1.5L_566_1": 0.2, "0_DESCRIPTION_188_0": 0.0, "1_QTE_188_0": 1.0, "2_MONTANT_188_0": 0.2857142857142857, "3_:_188_0": 1.0, "4_Tel_188_0": 0.0, "5_78605_188_0": 0.2, "6_MAISONS_188_0": 0.0, "7_LAFFITTE_188_0": 0.0, "8_13_188_0": 0.0, "9_AVE_188_0": 0.0, "10_DU_188_0": 0.5, "11_GLE_188_0": 0.0, "12_DE_188_0": 0.0, "13_GAULLE_188_0": 0.0, "14_CRF_188_0": 0.0, "15_CITY_188_0": 0.0, "16_MAISONS_188_0": 0.14285714285714285, "17_LAFFITTE_188_0": 0.0, "0_3.39\u20ac_668_0": 0.4, "1_COOKIES_668_0": 0.0, "2_PEPIT_668_0": 0.0, "3_CHOC01_668_0": 0.3333333333333333, "4_CARTE_668_0": 0.0, "5_NOIRE_668_0": 0.0, "6_3.35\u20ac_668_0": 0.4, "7_2.19\u20ac_668_0": 0.4, "8_ROUDOR_668_0": 0.0, "9_EPICERIE_668_0": 0.0, "10_>>_668_0": 0.0, "11_Peguy_668_0": 0.0, "12_Avenue_668_0": 0.0, "13_Charles_668_0": 0.0, "14_BIENVENUE_668_0": 0.0, "15_DANS_668_0": 0.0, "16_VOTRE_668_0": 0.0, "17_MAGASIN_668_0": 0.14285714285714285, "18_JEAN_668_0": 0.0, "19_DE_668_0": 0.0, "20_BRAYE_668_0": 0.0, "21_SIMPLY_668_0": 0.0, "22_ST_668_0": 0.0, "0_PKT_receipt_00636_0": 0.0, "1_AYAM_receipt_00636_0": 0.0, "2_33,000_receipt_00636_0": 0.0, "0_DESCRIPTION_193_0": 0.0, "1_QTE_193_0": 0.3333333333333333, "2_MONTANT_193_0": 0.14285714285714285, "3_:_193_0": 1.0, "4_Tel_193_0": 0.0, "5_17000_193_0": 0.0, "6_ROCHELLE_193_0": 0.0, "7_LA_193_0": 0.0, "8_3/5_193_0": 0.0, "9_RUE_193_0": 0.0, "10_DE_193_0": 0.0, "11_CORDOUAN_193_0": 0.0, "12_ROCHELLE/CRD_193_0": 0.08333333333333333, "13_CRF-CITY_193_0": 0.0, "14_LA_193_0": 0.0, "0_9,000_receipt_00184_0": 0.0, "1_1_receipt_00184_0": 0.0, "2_REDBEAN_receipt_00184_0": 0.0, "3_BREAD_receipt_00184_0": 0.0, "4_11,000_receipt_00184_0": 0.0, "5_APPLE_receipt_00184_0": 0.0, "6_PIE_receipt_00184_0": 0.0, "7_1_receipt_00184_0": 0.0, "8_CHOCOLATE_receipt_00184_0": 0.0, "9_22,000_receipt_00184_0": 0.0, "10_PAIN_receipt_00184_0": 0.0, "11_AU_receipt_00184_0": 0.0, "12_2_receipt_00184_0": 0.0, "0_PB1:_receipt_00023_0": 0.25, "1_0_receipt_00023_0": 0.0, "2_50%_receipt_00023_0": 0.0, "3_Less_receipt_00023_0": 0.25, "4_Ice_receipt_00023_0": 0.3333333333333333, "5_1X_receipt_00023_0": 1.0, "6_S-Lemon_receipt_00023_0": 0.2857142857142857, "7_Macchiato_receipt_00023_0": 0.2222222222222222, "8_@21,000_receipt_00023_0": 0.14285714285714285, "9_21,000_receipt_00023_0": 0.0, "0_DESCRIPTION_418_0": 0.0, "1_QTE_418_0": 0.3333333333333333, "2_MONTANT_418_0": 0.2857142857142857, "3_Tel_418_0": 0.0, "4_17000_418_0": 0.0, "5_LA_418_0": 0.0, "6_ROCHELLE_418_0": 0.0, "7_33_418_0": 1.0, "8_RUE_418_0": 0.0, "9_DE_418_0": 0.0, "10_LA_418_0": 0.0, "11_SCIERIE_418_0": 0.0, "12_CRF-CITY_418_0": 0.0, "13_ROCHELLE_418_0": 0.0, "14_LA_418_0": 0.5, "0_TOTAL_receipt_00469_1": 0.2, "1_QTY_receipt_00469_1": 1.0, "2_2_receipt_00469_1": 2.0, "3_ITEM_receipt_00469_1": 0.75, "4_5_receipt_00469_1": 2.0, "5_PCS_receipt_00469_1": 0.6666666666666666, "6_CASH_receipt_00469_1": 0.25, "7_50,000_receipt_00469_1": 0.0, "8_ROUNDING_receipt_00469_1": 0.5, "9_0_receipt_00469_1": 2.0, "10_DUE_receipt_00469_1": 0.3333333333333333, "11_42,500_receipt_00469_1": 0.16666666666666666, "12_SUBTOTAL_receipt_00469_1": 0.375, "13_42,500_receipt_00469_1": 0.16666666666666666, "14_3_receipt_00469_1": 1.0, "15_Choco_receipt_00469_1": 0.4, "16_Bite_receipt_00469_1": 0.25, "17_19,500_receipt_00469_1": 0.3333333333333333, "18_2_receipt_00469_1": 2.0, "19_Hero_receipt_00469_1": 0.25, "20_23,000_receipt_00469_1": 0.5, "0_ _receipt_00237_0": 4.0, "0_Total_receipt_00401_1": 0.4, "1_P_receipt_00401_1": 2.0, "2_Resto_receipt_00401_1": 0.2, "3_10%_receipt_00401_1": 1.0, "4_3.273_receipt_00401_1": 0.0, "5_Net_receipt_00401_1": 0.0, "6_Total_receipt_00401_1": 0.0, "7_32.728_receipt_00401_1": 0.16666666666666666, "0_ _receipt_00178_0": 3.0, "0_A_107_2": 0.0, "1_BIENTOT_107_2": 0.0, "2_MERCI_107_2": 0.0, "3_DE_107_2": 0.0, "4_VOTRE_107_2": 0.0, "5_VISITE_107_2": 0.0, "6_15/11/2016_107_2": 0.0, "7_18:14:06_107_2": 0.125, "8_0001_107_2": 0.0, "9_004_107_2": 0.0, "10_000313_107_2": 0.0, "0_CHANGED_receipt_00600_1": 0.0, "1_0_receipt_00600_1": 2.0, "2_CASH_receipt_00600_1": 0.0, "3_50.000_receipt_00600_1": 0.16666666666666666, "4_TOTAL_receipt_00600_1": 0.0, "5_1_receipt_00600_1": 0.0, "6_Caramel_receipt_00600_1": 0.0, "7_Medium_receipt_00600_1": 0.0, "8_50.000_receipt_00600_1": 0.0, "0_Tax_receipt_00784_1": 0.0, "1_2.000_receipt_00784_1": 0.0, "2_Subtotal_receipt_00784_1": 0.0, "3_20.000_receipt_00784_1": 0.0, "4_2x_receipt_00784_1": 0.5, "5_10.000_receipt_00784_1": 0.0, "6_20.000_receipt_00784_1": 0.0, "7_f_receipt_00784_1": 0.0, "8_Chicken_receipt_00784_1": 0.0, "9_Mushroom_receipt_00784_1": 0.0, "10_Puf_receipt_00784_1": 0.0, "0_Change_receipt_00378_1": 0.0, "1_30.200_receipt_00378_1": 0.0, "2_50.000_receipt_00378_1": 0.0, "3_Cash_receipt_00378_1": 0.0, "4_19.800_receipt_00378_1": 0.0, "5_Total_receipt_00378_1": 0.0, "6_1.800_receipt_00378_1": 0.0, "7_(10.0%)_receipt_00378_1": 0.0, "8_Tax_receipt_00378_1": 0.0, "9_18.000_receipt_00378_1": 0.0, "10_Subtotal_receipt_00378_1": 0.0, "11_18.000_receipt_00378_1": 0.0, "12_18.000_receipt_00378_1": 0.0, "13_1x_receipt_00378_1": 0.0, "14_Hot_receipt_00378_1": 0.0, "15_Sudirman_receipt_00378_1": 0.0, "16_Kopi_receipt_00378_1": 0.0, "17_Susu_receipt_00378_1": 0.0, "0_AVEC_755_0": 0.0, "1_LA_755_0": 0.0, "2_CARTE_755_0": 0.0, "3_**LIVRAISON_755_0": 0.18181818181818182, "4_GRATUITE_755_0": 0.0, "5_M._755_0": 0.5, "6_MONOPRIX_755_0": 0.0, "7_ROCHELLE_755_0": 0.0, "8_LA_755_0": 0.0, "9_*_755_0": 0.0, "10_morioprix.fr_755_0": 0.16666666666666666, "11_UN_755_0": 1.0, "12_POSTE_755_0": 0.0, "13_APPEL_755_0": 0.0, "14_GRATUIT_755_0": 0.0, "15_DEPUIS_755_0": 0.0, "16_FIXE_755_0": 0.0, "17_4000_755_0": 0.0, "18_0_755_0": 0.0, "19_800_755_0": 0.0, "20_08_755_0": 0.0, "21_clients_755_0": 0.14285714285714285, "22_service_755_0": 0.0, "0_DESCRIPTION_485_0": 0.0, "1_QTE_485_0": 1.0, "2_MONTANT_485_0": 0.14285714285714285, "3_Gargot_485_0": 0.0, "4_Aytre._485_0": 0.0, "5_Nicolas_485_0": 0.0, "6_17440_485_0": 0.0, "7_Rue_485_0": 0.0, "8_Dimanche_485_0": 0.0, "9_9h_485_0": 0.0, "10_a_485_0": 0.0, "11_12h30_485_0": 0.0, "12_20h00_485_0": 0.0, "13_Lundi_485_0": 0.0, "14_au_485_0": 0.0, "15_Samedi_485_0": 0.0, "16_de_485_0": 0.0, "17_9h_485_0": 0.5, "18_a_485_0": 1.0, "19_:_485_0": 1.0, "20_Tel_485_0": 0.0, "21_0546457320_485_0": 0.1, "22_Carrefour_485_0": 0.0, "23_market_485_0": 0.0, "24_AYTRE_485_0": 0.0, "0_Details:_178_1": 0.0, "1_compte_178_1": 0.0, "2_votre_178_1": 0.0, "3_fidelite_178_1": 0.0, "4_Carrefour._178_1": 0.1, "5_vous_178_1": 0.0, "6_auriez_178_1": 0.0, "7_cumule_178_1": 0.0, "8_0.09\u20ac_178_1": 0.4, "9_fidelite,_178_1": 0.0, "10_aviez_178_1": 0.0, "11_carte_178_1": 0.0, "12_Votre_178_1": 0.0, "13_Monnaie_178_1": 0.0, "14_-16.60\u20ac_178_1": 0.2857142857142857, "15_ESPECES_178_1": 0.0, "16_EUR_178_1": 0.0, "17_50.00\u20ac_178_1": 0.0, "18_ARTICLE(S)_178_1": 0.0, "19_TOTAL_178_1": 0.0, "20_PAYER_178_1": 0.0, "21_A_178_1": 1.0, "22_3.40\u20ac_178_1": 0.4, "23_*CORIANDRE_178_1": 0.1, "24_20G_178_1": 0.3333333333333333, "25_1.60\u20ac_178_1": 0.4, "26_*2X1.5L_178_1": 0.42857142857142855, "27_EAU_178_1": 0.3333333333333333, "28_SOURCE_178_1": 0.0, "29_1.80\u20ac_178_1": 0.4, "0_ESPECES_661_2": 0.0, "1_0,00_661_2": 0.25, "2_EUR_661_2": 0.0, "3_0,00_661_2": 0.25, "4_EUR_661_2": 0.0, "5_RENDRE_661_2": 0.0, "6_10,05_661_2": 0.2, "7_EUR_661_2": 0.0, "8_TOTAL_661_2": 0.0, "9_ELIGIBLE_661_2": 0.0, "10_TRD_661_2": 0.3333333333333333, "11_vendus_661_2": 0.0, "12_Nombre_661_2": 0.0, "13_d'articles_661_2": 0.0, "14_9_661_2": 0.0, "15_CB_661_2": 0.5, "16_17,80_661_2": 0.2, "17_EUR_661_2": 0.0, "18_EMV_661_2": 0.3333333333333333, "19_17,80_661_2": 0.0, "20_MONTANT_661_2": 0.14285714285714285, "21_DU_661_2": 1.0, "22_EUR_661_2": 0.3333333333333333, "23_MONTANT_661_2": 0.14285714285714285, "24_DU_661_2": 1.5, "25_17,80_661_2": 0.4, "26_EUR_661_2": 0.3333333333333333, "27_10E_661_2": 0.0, "28_Vign._661_2": 0.4, "29_PHILIPS_661_2": 0.0, "30_2,01_661_2": 0.25, "31_SALAKIS_661_2": 0.14285714285714285, "32_FGE_661_2": 0.0, "33_TRANCH.N_661_2": 0.125, "34_EUR_661_2": 0.3333333333333333, "35_A_661_2": 1.0, "36_2,01_661_2": 0.25, "37_SALAKIS_661_2": 0.0, "38_FGE_661_2": 0.0, "39_TRANCH.N_661_2": 0.0, "40_EUR_661_2": 0.0, "41_A_661_2": 1.0, "0_Pain_699_0": 1.0, "1_Origine_699_0": 0.0, "2_5,80_699_0": 0.0, "3_tourne_699_0": 0.0, "4_2_699_0": 1.0, "5_ARTICLES_699_0": 0.0, "6_QTE_699_0": 1.0, "7_EUR_699_0": 0.0, "8_TICKET/FACTURE_699_0": 0.14285714285714285, "9_45800_699_0": 0.0, "10_ST_699_0": 1.0, "11_JEAN_699_0": 0.0, "12_DE_699_0": 0.0, "13_BRAYE_699_0": 0.0, "14_Joseph_699_0": 0.0, "15_25_699_0": 0.0, "16_Avenue_699_0": 0.0, "17_SOUL_699_0": 1.0, "18_AS_699_0": 0.5, "19_Tel:_699_0": 0.0, "0_jours_697_4": 0.0, "1_Les_697_4": 0.0, "2_prix_697_4": 0.25, "3_a_697_4": 0.0, "4_Du_697_4": 0.0, "5_27/12_697_4": 0.0, "6_07/01_697_4": 0.0, "7_au_697_4": 0.0, "8_Total_697_4": 0.0, "9_Bon_697_4": 0.0, "10_innediat_697_4": 0.0, "11_3.72_697_4": 0.25, "0_BIENTOT_516_3": 0.0, "1_Vous_516_3": 0.0, "2_remercie_516_3": 0.0, "3_de_516_3": 0.0, "4_visite_516_3": 0.0, "5_votre_516_3": 0.0, "6_MARKET_516_3": 0.6666666666666666, "7_AYTRE_516_3": 0.0, "8_CARREFOUR_516_3": 0.0, "9_012_516_3": 0.3333333333333333, "10_000181_516_3": 0.0, "11_07/01/2017_516_3": 0.0, "12_15:27:06_516_3": 0.0, "13_:_516_3": 1.0, "14_Carte_516_3": 0.0, "15_EMV_516_3": 0.3333333333333333, "16_CARTE_516_3": 0.0, "17_BANCAIRE_516_3": 0.0, "18_41.36\u20ac_516_3": 0.3333333333333333, "0_3.37\u20ac_496_1": 0.4, "1_/_496_1": 1.0, "2_/_496_1": 2.0, "3_TOTAL_496_1": 0.0, "4_BEAUTE_496_1": 0.0, "5_SANTE_496_1": 0.0, "6_HYGIENE_496_1": 0.42857142857142855, "7_1.30\u20ac_496_1": 0.4, "8_LIQ.VLS_496_1": 0.2857142857142857, "9_NACRE_496_1": 0.0, "10_CRF_496_1": 0.3333333333333333, "11_ESS_496_1": 0.0, "12_2.07\u20ac_496_1": 0.4, "13_3_496_1": 1.0, "14_HLES_496_1": 0.0, "15_BLOC_496_1": 0.25, "16_WC_496_1": 1.0, "17_30.99\u20ac_496_1": 0.3333333333333333, "18_ALINENTAIRE_496_1": 0.09090909090909091, "19_TOTAL_496_1": 1.0, "20_0.58\u20ac_496_1": 0.4, "21_PET_496_1": 0.0, "22_*TOMATE_496_1": 0.2857142857142857, "23_RONDE_496_1": 0.0, "24_4.50\u20ac_496_1": 0.4, "25_*NOIX_496_1": 0.6, "26_CAJOU_496_1": 0.2, "27_G.NATUR_496_1": 0.0, "28_6.75\u20ac_496_1": 0.4, "29_*NOISETTE_496_1": 0.0, "30_DECORT._496_1": 0.0, "31_0.94\u20ac_496_1": 0.4, "32_*LT_496_1": 0.6666666666666666, "33_1/2E.BIO_496_1": 0.25, "34_CRF_496_1": 0.0, "35_1L_496_1": 0.5, "36_5.89\u20ac_496_1": 0.4, "37_HALAL_496_1": 0.0, "38_BL_496_1": 0.0, "39_KG_496_1": 0.5, "40_POULET_496_1": 0.0, "41_3.35\u20ac_496_1": 0.4, "42_*FIGUE_496_1": 0.16666666666666666, "43_LAYER_496_1": 0.0, "44_500G_496_1": 0.25, "45_2.18\u20ac_496_1": 0.4, "46_*CONCOMBRE_496_1": 0.2, "47_1.09_496_1": 0.0, "48_PIECE_496_1": 0.0, "49_2x_496_1": 1.0, "50_4.70\u20ac_496_1": 0.4, "51_*CERNEAUX_496_1": 0.1111111111111111, "52_NOIX_496_1": 0.25, "53_250G_496_1": 0.25, "54_0.99\u20ac_496_1": 0.4, "55_*BATAVIA_496_1": 0.125, "56_PIECE_496_1": 0.0, "57_1.11\u20ac_496_1": 0.4, "58_SDW_496_1": 0.6666666666666666, "59_*600G_496_1": 0.4, "60_AMERICAN_496_1": 0.375, "0_78.000_receipt_00121_1": 0.8333333333333334, "1_Change:_receipt_00121_1": 0.2857142857142857, "2_100,000_receipt_00121_1": 0.2857142857142857, "3_Tendered:_receipt_00121_1": 0.1111111111111111, "4_Cash_receipt_00121_1": 0.25, "5_22,000_receipt_00121_1": 0.3333333333333333, "6_Total._receipt_00121_1": 0.3333333333333333, "7_Total_receipt_00121_1": 0.4, "8_Item:_receipt_00121_1": 0.8, "9_2_receipt_00121_1": 1.0, "10_0_receipt_00121_1": 1.0, "11_x1_receipt_00121_1": 1.0, "12_0_receipt_00121_1": 2.0, "13_6001-Plastic_receipt_00121_1": 0.08333333333333333, "14_Bag_receipt_00121_1": 0.3333333333333333, "15_Small_receipt_00121_1": 0.6, "16_22.000_receipt_00121_1": 0.16666666666666666, "17_x1_receipt_00121_1": 1.0, "18_22,000_receipt_00121_1": 0.8333333333333334, "19_1001-Choco_receipt_00121_1": 0.3, "20_Bun_receipt_00121_1": 0.0, "0_1_652_1": 3.0, "1_1.45_652_1": 0.0, "2_1.45_652_1": 0.0, "3_SALADE_652_1": 0.0, "4_FEUILLE_652_1": 0.14285714285714285, "5_DE_652_1": 0.0, "6_CHENE_652_1": 0.0, "7_VERTE_652_1": 0.0, "8_BIO_652_1": 0.0, "9_1.62_652_1": 0.0, "10_FENDUIL_652_1": 0.14285714285714285, "11_CONVERSION_652_1": 0.0, "12_BIO_652_1": 0.0, "13_0.41kg_652_1": 0.16666666666666666, "14_3.95\u20ac/kg_652_1": 0.375, "15_1.62\u20ac_652_1": 0.4, "16_PESEE_652_1": 0.0, "17_x_652_1": 0.0, "18_POMME_652_1": 0.0, "19_BRAEBURN_652_1": 0.0, "20_2.19_652_1": 0.5, "21_0.55kg_652_1": 0.16666666666666666, "22_3.98\u20ac/kg_652_1": 0.25, "23_PESEE_652_1": 0.0, "24_x_652_1": 1.0, "25_2.19\u20ac_652_1": 0.4, "26_Designation_652_1": 0.0, "27_Qte_652_1": 0.3333333333333333, "28_Prix_652_1": 0.0, "29_x_652_1": 1.0, "30_PU_652_1": 0.0, "31_\u20ac_652_1": 1.0, "32_\u20ac_652_1": 0.0, "33_:_652_1": 1.0, "34_(_652_1": 1.0, "35_)_652_1": 0.0, "36_FRANCOISE_652_1": 0.0, "37_Vendeur_652_1": 0.0, "38_1_652_1": 0.0, "39_10/06/2017_652_1": 0.0, "40_Edite_652_1": 0.0, "41_le_652_1": 0.0, "42_a_652_1": 0.0, "43_14:15:34_652_1": 0.0, "44_Ticket_652_1": 0.0, "0_AMOUNT_receipt_00018_0": 0.6666666666666666, "1_DUE_receipt_00018_0": 0.0, "2_27500_receipt_00018_0": 0.4, "3_TAX_receipt_00018_0": 0.3333333333333333, "4_2500_receipt_00018_0": 0.0, "5_NET_receipt_00018_0": 0.3333333333333333, "6_SALES_receipt_00018_0": 0.2, "7_25000_receipt_00018_0": 1.0, "8_KING_receipt_00018_0": 0.0, "9_1_receipt_00018_0": 0.0, "10_DEAL_receipt_00018_0": 0.0, "11_FISH_receipt_00018_0": 0.5, "12_25000_receipt_00018_0": 0.2, "0_DESCRIPTION_509_0": 0.0, "1_MONTANT_509_0": 0.14285714285714285, "2_QTE_509_0": 0.3333333333333333, "3_Gargot_509_0": 0.0, "4_Rue_509_0": 0.0, "5_Aytre._509_0": 0.3333333333333333, "6_Nicolas_509_0": 0.0, "7_17440_509_0": 0.0, "8_Dimanche_509_0": 0.0, "9_9h_509_0": 0.5, "10_12h30_509_0": 0.0, "11_Lundi_509_0": 0.0, "12_au_509_0": 0.0, "13_Samedi_509_0": 0.0, "14_de_509_0": 0.0, "15_9h_509_0": 0.5, "16_a_509_0": 0.0, "17_20h00_509_0": 0.0, "18_:_509_0": 1.0, "19_Tel_509_0": 0.0, "20_0546457320_509_0": 0.0, "21_Carrefour_509_0": 0.0, "22_market_509_0": 0.0, "23_AYTRE_509_0": 0.0, "0_MONTANT_566_0": 0.0, "1_QTE_566_0": 0.6666666666666666, "2_DESCRIPTION_566_0": 0.0, "3_Market_566_0": 0.0, "4_Carrefour_566_0": 0.0, "5_Bienvenue_566_0": 0.0, "6_chez_566_0": 0.25, "7_12H30_566_0": 0.0, "8_9H00_566_0": 0.5, "9_a_566_0": 0.0, "10_Dimanche_566_0": 0.0, "11_19H30_566_0": 0.0, "12_8H30_566_0": 0.25, "13_a_566_0": 0.0, "14_de_566_0": 0.0, "15_Samedi_566_0": 0.0, "16_Lundi_566_0": 0.0, "17_au_566_0": 0.0, "18_:_566_0": 1.0, "19_98_566_0": 0.5, "20_98_566_0": 0.0, "21_66_566_0": 0.0, "22_88_566_0": 1.0, "23_Tel_566_0": 0.0, "24_04_566_0": 0.5, "25_VAUVERT_566_0": 0.0, "0_TAX_receipt_00718_0": 1.0, "1_33,156_receipt_00718_0": 0.16666666666666666, "2_Service_receipt_00718_0": 0.14285714285714285, "3_Charge_receipt_00718_0": 0.16666666666666666, "4_24,560_receipt_00718_0": 0.16666666666666666, "5_SUBTTL_receipt_00718_0": 0.5, "6_307,000_receipt_00718_0": 0.0, "7_FOOD_receipt_00718_0": 1.0, "8_258,000_receipt_00718_0": 0.14285714285714285, "9_NEW_receipt_00718_0": 0.3333333333333333, "10_YORK_receipt_00718_0": 0.25, "11_FISH_receipt_00718_0": 0.0, "12_*_receipt_00718_0": 1.0, "13_&_receipt_00718_0": 1.0, "14_CHIPS_receipt_00718_0": 0.0, "15_DANISH_receipt_00718_0": 0.16666666666666666, "16_FISH_receipt_00718_0": 0.25, "17_&_receipt_00718_0": 1.0, "18_CHIPS_receipt_00718_0": 0.2, "19_*_receipt_00718_0": 1.0, "20_DF_receipt_00718_0": 0.5, "21_FOR_receipt_00718_0": 0.3333333333333333, "22_DINE_receipt_00718_0": 0.25, "23_2_receipt_00718_0": 0.0, "24_1_receipt_00718_0": 2.0, "25_129,000_receipt_00718_0": 0.0, "26_JAPANESE_receipt_00718_0": 0.125, "27_FISH_receipt_00718_0": 0.25, "28_*_receipt_00718_0": 3.0, "29_&_receipt_00718_0": 3.0, "30_CHIPS_receipt_00718_0": 0.2, "31_BALI_receipt_00718_0": 0.75, "32_FISH_receipt_00718_0": 0.0, "33_&_receipt_00718_0": 1.0, "34_*_receipt_00718_0": 1.0, "35_CHIPS_receipt_00718_0": 0.0, "36_DFT_receipt_00718_0": 0.0, "37_DINE_receipt_00718_0": 0.25, "38_FOR_receipt_00718_0": 0.3333333333333333, "39_2_receipt_00718_0": 1.0, "40_1_receipt_00718_0": 2.0, "41_129,000_receipt_00718_0": 0.0, "42_**_receipt_00718_0": 1.0, "43_49,000_receipt_00718_0": 0.16666666666666666, "44_SHARKIE_receipt_00718_0": 0.2857142857142857, "45_FREEZE_receipt_00718_0": 0.16666666666666666, "46_1_receipt_00718_0": 2.0, "0_Card_receipt_00643_1": 0.5, "1_Total._receipt_00643_1": 0.5, "2_Total_receipt_00643_1": 0.4, "3_Item:_receipt_00643_1": 0.8, "4_2_receipt_00643_1": 0.0, "5_0_receipt_00643_1": 2.0, "6_0_receipt_00643_1": 1.0, "7_x1_receipt_00643_1": 0.5, "8_6001-Plastic_receipt_00643_1": 0.8333333333333334, "9_Bag_receipt_00643_1": 0.3333333333333333, "10_Small_receipt_00643_1": 0.0, "11_22.000_receipt_00643_1": 0.0, "12_22.000_receipt_00643_1": 0.0, "13_x1_receipt_00643_1": 1.5, "14_1001-Choco_receipt_00643_1": 0.7, "15_Bun_receipt_00643_1": 0.0, "0_ _receipt_00518_0": 5.0, "0_:_235_1": 1.0, "1_Carte_235_1": 0.0, "2_BANCAIRE_235_1": 0.0, "3_EUR_235_1": 0.0, "4_10.20\u20ac_235_1": 0.3333333333333333, "5_CARTE_235_1": 0.0, "6_EMV_235_1": 0.0, "7_ARTICLE(S)_235_1": 0.0, "8_4_235_1": 0.0, "9_TOTAL_235_1": 0.0, "10_A_235_1": 0.0, "11_PAYER_235_1": 0.0, "12_10.20\u20ac_235_1": 0.3333333333333333, "13_TOTAL_235_1": 0.0, "14_ALIMENTAIRE_235_1": 0.18181818181818182, "15_10.20\u20ac_235_1": 0.3333333333333333, "16_*QUICHE_235_1": 0.0, "17_LORRAINE_235_1": 0.125, "18_2.99\u20ac_235_1": 0.4, "19_*CHAMPIGNON_235_1": 0.18181818181818182, "20_PARIS_235_1": 0.2, "21_2.80\u20ac_235_1": 0.4, "22_*BUCHETTE_235_1": 0.0, "23_SESAME_235_1": 0.0, "24_1.15\u20ac_235_1": 0.4, "25_SEC_235_1": 0.0, "26_3.26\u20ac_235_1": 0.4, "27_*250G_235_1": 0.4, "28_SAUCISSON_235_1": 0.0, "0_CHANGE_receipt_00564_1": 0.5, "1_14,000_receipt_00564_1": 0.5, "2_CASH_receipt_00564_1": 1.0, "3_50,000_receipt_00564_1": 0.8333333333333334, "4_TOTAL_receipt_00564_1": 0.4, "5_36,000_receipt_00564_1": 0.8333333333333334, "6_3.00xITEMS_receipt_00564_1": 0.5, "7_AMOUNT_receipt_00564_1": 0.8333333333333334, "8_3,273_receipt_00564_1": 1.0, "9_PB1_receipt_00564_1": 1.0, "10_10%_receipt_00564_1": 0.6666666666666666, "11_10.000%_receipt_00564_1": 0.7142857142857143, "12_SUDTOTAL_receipt_00564_1": 0.125, "13_32,727_receipt_00564_1": 0.8333333333333334, "14_PLASTIK_receipt_00564_1": 0.0, "15_33_receipt_00564_1": 1.0, "16_0_receipt_00564_1": 1.0, "17_L_receipt_00564_1": 1.0, "18_C_receipt_00564_1": 1.0, "19_MESES_receipt_00564_1": 1.0, "20_20,000_receipt_00564_1": 0.5, "21_JPR_receipt_00564_1": 1.0, "22_SUS_receipt_00564_1": 1.0, "23_U_receipt_00564_1": 1.0, "24_12,727_receipt_00564_1": 1.0, "0_BIENTOT_128_1": 0.0, "1_A_128_1": 0.0, "2_MERCI_128_1": 0.0, "3_DE_128_1": 0.0, "4_VOTRE_128_1": 0.0, "5_VISITE_128_1": 0.0, "6_0010_128_1": 0.25, "7_22/06/2016_128_1": 0.1, "8_003_128_1": 0.0, "9_000119_128_1": 0.0, "10_12:50:12_128_1": 0.0, "11_CB_128_1": 1.5, "12_EMV_128_1": 0.3333333333333333, "13_SANS_128_1": 0.25, "14_CONTACT_128_1": 0.0, "15_EUR_128_1": 0.0, "16_4.56\u20ac_128_1": 0.4, "17_(S)_128_1": 1.0, "18_2_128_1": 0.0, "19_AITICLE_128_1": 0.14285714285714285, "20_TOTAL_128_1": 0.6, "21_A_128_1": 0.0, "22_PAYER_128_1": 0.0, "23_4.56\u20ac_128_1": 0.0, "24_SALADE_128_1": 0.16666666666666666, "25_PATE_128_1": 0.0, "26_JBON_128_1": 0.25, "27_3.82\u20ac_128_1": 0.6, "28_0.165kg_128_1": 0.0, "29_4.50\u20ac/kg_128_1": 0.125, "30_x_128_1": 1.0, "31_ABRICOT_128_1": 0.2857142857142857, "32_GROS_128_1": 0.0, "33_0.74\u20ac_128_1": 0.4, "0_la_597_3": 0.0, "1_ID_597_3": 0.0, "2_de_597_3": 0.0, "3_commande_597_3": 0.0, "4_1.7765_597_3": 0.16666666666666666, "5_:_597_3": 1.0, "0_38.000_receipt_00176_0": 0.0, "1_Total_receipt_00176_0": 0.0, "2_7.000_receipt_00176_0": 0.0, "3_1_receipt_00176_0": 0.0, "4_Water_receipt_00176_0": 0.0, "5_DINE_receipt_00176_0": 0.0, "6_IN_receipt_00176_0": 0.5, "7_Mineral_receipt_00176_0": 0.0, "8_-_receipt_00176_0": 1.0, "9_12.000_receipt_00176_0": 0.0, "10_1_receipt_00176_0": 0.0, "11_DINE_receipt_00176_0": 0.0, "12_IN_receipt_00176_0": 0.5, "13_French_receipt_00176_0": 0.0, "14_Fries_receipt_00176_0": 0.0, "15_-_receipt_00176_0": 0.0, "16_1_receipt_00176_0": 0.0, "17_19.000_receipt_00176_0": 0.0, "18_ognese)_receipt_00176_0": 0.0, "19_DINE_receipt_00176_0": 0.0, "20_IN_receipt_00176_0": 1.0, "21_-_receipt_00176_0": 0.0, "22_(Bol_receipt_00176_0": 0.0, "23_Spaghetti_receipt_00176_0": 0.0, "24_Bini_receipt_00176_0": 0.0, "25_Muda_receipt_00176_0": 0.0, "0_CASH_receipt_00020_1": 0.5, "1_26,950_receipt_00020_1": 0.0, "2_TOTAL_receipt_00020_1": 0.2, "3_26,950_receipt_00020_1": 0.16666666666666666, "4_SUBTOTAL_receipt_00020_1": 0.0, "5_26,950_receipt_00020_1": 0.0, "6_PLASTIK_receipt_00020_1": 0.0, "7_SEDANG_receipt_00020_1": 0.3333333333333333, "8_0_receipt_00020_1": 0.0, "9_AMOUNT_receipt_00020_1": 0.16666666666666666, "10_-1,650_receipt_00020_1": 0.16666666666666666, "11_DISC_receipt_00020_1": 0.0, "12_ITEM_receipt_00020_1": 0.5, "13_-30.000%_receipt_00020_1": 0.0, "14_CENTIK_receipt_00020_1": 0.0, "15_MANIS_receipt_00020_1": 0.0, "16_5,500_receipt_00020_1": 0.0, "17_AMOUNT_receipt_00020_1": 0.16666666666666666, "18_-2,100_receipt_00020_1": 0.16666666666666666, "19_DISC_receipt_00020_1": 0.0, "20_ITEM_receipt_00020_1": 0.0, "21_-30.000%_receipt_00020_1": 0.125, "22_WAJIK_receipt_00020_1": 0.0, "23_7,000_receipt_00020_1": 0.2, "24_SENDOK_receipt_00020_1": 0.16666666666666666, "25_BEBEK_receipt_00020_1": 0.2, "26_0_receipt_00020_1": 0.0, "27_AMOUNT_receipt_00020_1": 0.0, "28_-7,800_receipt_00020_1": 0.5, "29_DISC_receipt_00020_1": 0.0, "30_ITEM_receipt_00020_1": 0.0, "31_-30.000%_receipt_00020_1": 0.0, "32_BUBUR_receipt_00020_1": 0.2, "33_UNGU_receipt_00020_1": 0.0, "34_26,000_receipt_00020_1": 0.0, "0_MONTAT_507_0": 0.16666666666666666, "1_QTE_507_0": 0.3333333333333333, "2_DESCRIPTION_507_0": 0.0, "3_Aytre._507_0": 0.0, "4_Gargot_507_0": 0.0, "5_17440_507_0": 0.0, "6_Nicolas_507_0": 0.0, "7_Rue_507_0": 0.0, "8_12h30_507_0": 0.0, "9_a_507_0": 0.0, "10_Dimanche_507_0": 0.0, "11_9h_507_0": 0.5, "12_20h00_507_0": 0.0, "13_9h_507_0": 0.5, "14_a_507_0": 0.0, "15_Samedi_507_0": 0.0, "16_de_507_0": 0.0, "17_Lundi_507_0": 0.0, "18_au_507_0": 0.0, "19_:_507_0": 1.0, "20_0546457320_507_0": 0.0, "21_Tel_507_0": 0.0, "22_AYTRE_507_0": 0.0, "23_market_507_0": 0.0, "24_Carrefour_507_0": 0.0, "0_PATE_697_1": 0.0, "1_CHARCUTERIE_697_1": 0.09090909090909091, "2_LS_697_1": 0.0, "3_4.63_697_1": 0.0, "4_2_697_1": 0.0, "5_3ESC.DINDE_697_1": 0.2, "6_VOLANDRY_697_1": 0.125, "7_EXTRA_697_1": 0.0, "8_FINE_697_1": 0.0, "9_VOLAILLES_697_1": 0.0, "10_2_697_1": 0.0, "11_TROPICANA1_697_1": 0.1, "12_1.95_697_1": 0.0, "13_PAMPLEMOUS.ROSE_697_1": 0.2, "14_JUS_697_1": 0.6666666666666666, "15_>>>_697_1": 0.3333333333333333, "16_ULTRA_697_1": 0.0, "17_FRAIS_697_1": 0.2, "18_2_697_1": 0.0, "19_PRESIDENT_697_1": 0.0, "20_2.01_697_1": 0.0, "21_TENDRE_697_1": 0.0, "22_DOUX_697_1": 0.75, "23_BEURRE_697_1": 0.0, "24_CREMERIE_697_1": 0.0, "25_LS_697_1": 0.5, "26_>>_697_1": 0.0, "27_CHOCOLAT.12X100_697_1": 0.06666666666666667, "28_4.13_697_1": 0.0, "29_GOURMAND_697_1": 0.125, "30_P'TIT_697_1": 1.0, "31_SEMOULE.12X100G_697_1": 0.2, "32_2_697_1": 0.0, "33_4.13_697_1": 0.0, "34_P'TIT_697_1": 0.4, "35_GOURMAND_697_1": 0.125, "36_VANILLE.12X10OG_697_1": 0.3333333333333333, "37_4.13_697_1": 0.0, "38_GOURMAND_697_1": 0.125, "39_P'TIT_697_1": 0.4, "40_14.38_697_1": 0.0, "41_GALLIAGEST_697_1": 0.0, "42_AGE,900G_697_1": 0.5, "43_2EME_697_1": 0.25, "44_EPICERIE_697_1": 0.0, "45_TVA_697_1": 0.6666666666666666, "46_TTC_697_1": 1.0, "0_70.56\u20ac_503_2": 0.0, "1_ARTICLE_503_2": 0.0, "2_(S)_503_2": 0.3333333333333333, "3_AVANT_503_2": 0.2, "4_RENISES_503_2": 0.0, "5_25_503_2": 0.0, "6_TOTAL_503_2": 0.0, "7_4.95\u20ac_503_2": 0.4, "8_ALINENTAIRE_503_2": 0.18181818181818182, "9_NON_503_2": 0.6666666666666666, "10_TOTAL_503_2": 0.8, "11_0.20\u20ac_503_2": 0.4, "12_2x_503_2": 1.0, "13_0.10_503_2": 0.25, "14_CAISSE_503_2": 0.0, "15_PAPIER_503_2": 0.0, "16_SAC_503_2": 0.0, "17_4.75\u20ac_503_2": 0.4, "18_EC030_503_2": 0.0, "19_SPHERIQUE_503_2": 0.2222222222222222, "20_18_503_2": 0.0, "21_3.48\u20ac_503_2": 0.4, "22_/_503_2": 1.0, "23_/_503_2": 1.0, "24_SANTE_503_2": 0.2, "25_HYGIENE_503_2": 0.2857142857142857, "26_TOTAL_503_2": 0.0, "27_BEAUTE_503_2": 0.0, "28_EPONG.GRATT.SPTX_503_2": 0.0625, "29_1.44\u20ac_503_2": 0.6, "30_2_503_2": 0.0, "31_2_503_2": 0.0, "32_2.04\u20ac_503_2": 0.6, "33_PH.BLANC_503_2": 0.0, "34_P_503_2": 1.0, "35_12RLX_503_2": 0.0, "36_58.17\u20ac_503_2": 0.3333333333333333, "37_ALIMENTAIRE_503_2": 0.2727272727272727, "38_TOTAL_503_2": 0.0, "39_1.36\u20ac_503_2": 0.4, "40_2.50\u20ac_503_2": 0.4, "41_*TOMATE_503_2": 0.42857142857142855, "42_COCKTAIL_503_2": 0.0, "0_ _receipt_00410_0": 3.0, "0_SUB_receipt_00097_0": 1.0, "1_TOTAL_receipt_00097_0": 0.0, "2_12,000_receipt_00097_0": 0.0, "3_1_receipt_00097_0": 2.0, "4_12,000_receipt_00097_0": 0.3333333333333333, "5_12,000_receipt_00097_0": 0.0, "0_Tax_receipt_00075_1": 0.3333333333333333, "1_30,657_receipt_00075_1": 0.5, "2_14,598_receipt_00075_1": 0.5, "3_Services_receipt_00075_1": 0.125, "4_291,975_receipt_00075_1": 0.2857142857142857, "5_Subtotal_receipt_00075_1": 0.125, "6_KRN_receipt_00075_1": 0.3333333333333333, "7_FRIED_receipt_00075_1": 0.2, "8_25,000_receipt_00075_1": 0.16666666666666666, "9_25,000_receipt_00075_1": 0.3333333333333333, "10_CHICKN_receipt_00075_1": 0.16666666666666666, "11_HNY_receipt_00075_1": 1.0, "12_1_receipt_00075_1": 1.0, "0_PPN=_receipt_00098_2": 0.5, "1_2,355_receipt_00098_2": 0.2, "2_TUNAI_receipt_00098_2": 0.2, "3_25,900_receipt_00098_2": 0.16666666666666666, "0_ _receipt_00408_0": 2.0, "0_ _receipt_00757_0": 2.0, "0_:_102_0": 2.0, "1_Tel_102_0": 0.0, "2_ROCHELLE_102_0": 0.0, "3_LA_102_0": 0.0, "4_17000_102_0": 0.0, "5_SCIERIE_102_0": 0.0, "6_RUE_102_0": 0.0, "7_DE_102_0": 0.0, "8_LA_102_0": 0.0, "9_33_102_0": 0.0, "10_ROCHELLE_102_0": 0.0, "11_CRF-CITY_102_0": 0.0, "12_LA_102_0": 0.5, "0_Vignette(s)_223_3": 0.0, "1_par_223_3": 0.0, "2_operation_223_3": 0.0, "3_vous_223_3": 0.0, "4_Bravo_223_3": 0.2, "5_avez_223_3": 0.0, "6_cumule_223_3": 0.0, "7_3.0_223_3": 0.0, "8_bientot_223_3": 0.14285714285714285, "9_A_223_3": 0.0, "10_Vous_223_3": 0.0, "11_remercie_223_3": 0.0, "12_de_223_3": 0.0, "13_votre_223_3": 0.0, "14_visite_223_3": 0.0, "15_CARREFOUR_223_3": 0.0, "16_MARKET_223_3": 0.0, "17_AYTRE_223_3": 0.0, "0_Items,_receipt_00144_1": 0.16666666666666666, "1_2_receipt_00144_1": 0.0, "2_25,000_receipt_00144_1": 0.0, "3_Cash_receipt_00144_1": 0.0, "4_25,000_receipt_00144_1": 0.0, "5_Total_receipt_00144_1": 0.0, "6_2.273_receipt_00144_1": 0.2, "7_P.Rest_receipt_00144_1": 0.0, "8_10_receipt_00144_1": 1.0, "9_%_receipt_00144_1": 2.0, "0_ _receipt_00335_1": 1.0, "0_:_419_0": 1.0, "1_Tel_419_0": 0.0, "2_17000_419_0": 0.0, "3_ROCHELLE_419_0": 0.0, "4_LA_419_0": 1.5, "5_33_419_0": 0.0, "6_RUE_419_0": 0.0, "7_DE_419_0": 0.0, "8_LA_419_0": 1.0, "9_SCIERIE_419_0": 0.7142857142857143, "10_CRF-CITY_419_0": 1.0, "11_LA_419_0": 0.0, "12_ROCHELLE_419_0": 0.0, "0_Qty_receipt_00735_1": 0.6666666666666666, "1_6_receipt_00735_1": 0.0, "2_Total_receipt_00735_1": 0.0, "3_Total_receipt_00735_1": 0.0, "4_Item_receipt_00735_1": 0.0, "5_5_receipt_00735_1": 0.0, "6_Cash_receipt_00735_1": 0.0, "7_-16,503_receipt_00735_1": 0.0, "8_CHANGE_receipt_00735_1": 0.0, "9_CASH_receipt_00735_1": 0.0, "10_100,000_receipt_00735_1": 0.0, "11_83,497_receipt_00735_1": 0.0, "12_Total_receipt_00735_1": 0.0, "13_7,590_receipt_00735_1": 0.2, "14_Pb1_receipt_00735_1": 0.0, "0_DESCRIPTION_149_0": 0.0, "1_QTE_149_0": 1.0, "2_MONTANT_149_0": 0.2857142857142857, "3_:_149_0": 1.0, "4_Tel_149_0": 0.0, "5_LA_149_0": 1.0, "6_17000_149_0": 0.0, "7_ROCHELLE_149_0": 0.0, "8_33_149_0": 0.0, "9_RUE_149_0": 0.0, "10_LA_149_0": 1.5, "11_SCIERIE_149_0": 0.0, "12_DE_149_0": 0.0, "13_CRF-CITY_149_0": 0.125, "14_LA_149_0": 1.0, "15_ROCHELLE_149_0": 0.0, "0_(S)_receipt_00432_0": 0.0, "1_30.000_receipt_00432_0": 0.0, "2_Popcorn_receipt_00432_0": 0.0, "3_Sweet_receipt_00432_0": 0.0, "4_1_receipt_00432_0": 0.0, "5_Spc_receipt_00432_0": 0.0, "6_25.000_receipt_00432_0": 0.0, "7_Java_receipt_00432_0": 0.0, "8_Tea_receipt_00432_0": 0.0, "9_XXI_receipt_00432_0": 0.3333333333333333, "10_1_receipt_00432_0": 0.0, "0_:_521_0": 2.0, "1_Tel_521_0": 0.0, "2_45000_521_0": 0.0, "3_ORLEANS_521_0": 0.0, "4_1,_521_0": 1.0, "5_RUE_521_0": 0.0, "6_DU_521_0": 2.0, "7_GRENIER_521_0": 0.0, "8_A_521_0": 0.0, "9_SEL_521_0": 0.0, "10_CARREFOUR_521_0": 0.0, "11_CITY_521_0": 0.0, "12_ORLEANS_521_0": 0.0, "0_DESCRIPTION_75_0": 0.0, "1_QTE_75_0": 0.0, "2_MONTANT_75_0": 0.14285714285714285, "3_:_75_0": 3.0, "4_Tel_75_0": 0.0, "5_ROCHELLE_75_0": 0.0, "6_17000_75_0": 0.6, "7_LA_75_0": 0.0, "8_SCIERIE_75_0": 0.0, "9_33_75_0": 0.0, "10_RUE_75_0": 0.0, "11_DE_75_0": 0.0, "12_LA_75_0": 0.5, "13_CRF-CITY_75_0": 0.0, "14_LA_75_0": 0.0, "15_ROCHELLE_75_0": 0.0, "0_SUGAR_receipt_00467_0": 0.0, "1_NO_receipt_00467_0": 1.0, "2_ICED_receipt_00467_0": 0.0, "3_TEA_receipt_00467_0": 0.0, "4_THAI_receipt_00467_0": 0.25, "0_181,500.00_receipt_00029_0": 0.0, "1_11_receipt_00029_0": 1.0, "2_AMBUSH_receipt_00029_0": 0.3333333333333333, "3_DBL_receipt_00029_0": 1.3333333333333333, "4_CHS_receipt_00029_0": 1.3333333333333333, "5_BURG_receipt_00029_0": 0.25, "0_Vignette(s)_470_3": 0.0, "1_par_470_3": 0.0, "2_operation_470_3": 0.0, "3_cumuie_470_3": 0.0, "4_Bravo_470_3": 0.2, "5_vous_470_3": 0.0, "6_avez_470_3": 0.0, "7_2.0_470_3": 0.0, "8_repris_470_3": 0.0, "9_echanges_470_3": 0.0, "10_ni_470_3": 0.0, "11_ni_470_3": 0.0, "12_A_470_3": 0.0, "13_BIENTOT_470_3": 0.0, "0_:_229_1": 2.0, "1_Carte_229_1": 0.0, "2_-4.73\u20ac_229_1": 0.3333333333333333, "3_Votre_229_1": 0.0, "4_Monnaie_229_1": 0.0, "5_10.00\u20ac_229_1": 0.3333333333333333, "6_EUR_229_1": 0.0, "7_ESPECES_229_1": 0.0, "8_PAYER_229_1": 0.0, "9_5.27\u20ac_229_1": 0.4, "10_ARTICLE_229_1": 0.0, "11_(S)_229_1": 0.6666666666666666, "12_3_229_1": 0.0, "13_5.27\u20ac_229_1": 0.4, "14_ALINENTAIRE_229_1": 0.18181818181818182, "15_TOTAL_229_1": 0.0, "16_0.49\u20ac_229_1": 0.4, "17_HARISSA_229_1": 0.0, "18_TUBE_229_1": 0.0, "19_70G_229_1": 0.6666666666666666, "20_3.72\u20ac_229_1": 0.4, "21_MECHOUIA_229_1": 0.125, "22_SALADE_229_1": 0.0, "23_1.06\u20ac_229_1": 0.4, "24_FEUILLES_229_1": 0.0, "25_BRICK_229_1": 0.0, "26_10_229_1": 1.0, "0_A_353_1": 0.0, "1_BIENTOT_353_1": 0.0, "2_MERCI_353_1": 0.0, "3_DE_353_1": 0.0, "4_VOTRE_353_1": 0.0, "5_VISITE_353_1": 0.0, "6_003_353_1": 0.0, "7_19/06/2017_353_1": 0.0, "8_000117_353_1": 0.0, "9_12:00:55_353_1": 0.125, "10_6.73\u20ac_353_1": 0.4, "11_CB_353_1": 0.5, "12_EMV_353_1": 0.6666666666666666, "13_SANS_353_1": 0.0, "14_CONTACT_353_1": 0.0, "15_EUR_353_1": 0.0, "16_ATICLE(S)_353_1": 0.3333333333333333, "17_2_353_1": 0.0, "18_TOTAL._353_1": 0.16666666666666666, "19_A_353_1": 0.0, "20_PAYER_353_1": 0.0, "21_6.73\u20ac_353_1": 0.4, "22_*X16_353_1": 0.25, "23_CI_353_1": 1.0, "24_OCOLAT_353_1": 0.0, "25_BN_353_1": 0.0, "26_1.23\u20ac_353_1": 0.4, "27_BOL_353_1": 0.0, "28_*BUDDHI_353_1": 0.2857142857142857, "29_PATATE_353_1": 0.0, "30_5.50\u20ac_353_1": 0.4, "0_DESCRIPTION_254_0": 0.0, "1_QTE_254_0": 1.0, "2_NONTANT_254_0": 0.0, "3_Aytre._254_0": 0.16666666666666666, "4_Gargot_254_0": 0.0, "5_Nicolas_254_0": 0.0, "6_17440_254_0": 0.0, "7_Rue_254_0": 0.0, "8_12h30_254_0": 0.0, "9_Dimanche_254_0": 0.0, "10_9h_254_0": 0.5, "11_a_254_0": 0.0, "12_Lundi_254_0": 0.0, "13_au_254_0": 0.0, "14_Samedi_254_0": 0.0, "15_de_254_0": 0.0, "16_9h_254_0": 0.5, "17_a_254_0": 0.0, "18_20h00_254_0": 0.0, "19_Tel_254_0": 0.0, "20_0546457320_254_0": 0.0, "21_Carrefour_254_0": 0.0, "22_market_254_0": 0.0, "23_AYTRE_254_0": 0.0, "0_QTE_430_0": 1.0, "1_MONTANT_430_0": 0.14285714285714285, "2_DESCRIPTION_430_0": 0.0, "3_Tel_430_0": 0.0, "4_17000_430_0": 0.0, "5_LA_430_0": 0.0, "6_ROCHELLE_430_0": 0.0, "7_33_430_0": 0.0, "8_RUE_430_0": 0.0, "9_DE_430_0": 0.0, "10_LA_430_0": 0.5, "11_SCIERIE_430_0": 0.0, "12_CRF-CITY_430_0": 0.0, "13_LA_430_0": 0.5, "14_ROCHELLE_430_0": 0.0, "0_2_743_1": 0.0, "1_5850_743_1": 0.25, "2_9.45_743_1": 0.0, "3_0.52_743_1": 0.0, "4_9.97_743_1": 0.0, "5_Code_743_1": 0.0, "6_HT_743_1": 0.0, "7_TUA_743_1": 0.3333333333333333, "8_TTC_743_1": 0.6666666666666666, "9_Rendu_743_1": 0.0, "10_0.00_743_1": 0.0, "11_CB_743_1": 0.5, "12_9.97_743_1": 0.0, "13_Total_743_1": 0.0, "14_1_743_1": 0.0, "15_article_743_1": 0.0, "16_9.97_743_1": 0.0, "17_BOITE_743_1": 0.0, "18_ALLOCINE_743_1": 0.0, "19_LE_743_1": 0.0, "20_CINEMA_743_1": 0.3333333333333333, "21_ET_743_1": 0.0, "22_LES_743_1": 0.0, "23_9.97_743_1": 0.0, "24_2_743_1": 1.0, "25_TTC_743_1": 1.0, "26_TVA_743_1": 0.6666666666666666, "0_1_receipt_00150_1": 0.0, "1_Items,_receipt_00150_1": 0.5, "2_22,000_receipt_00150_1": 0.0, "3_Cash_receipt_00150_1": 0.0, "4_22,000_receipt_00150_1": 0.6666666666666666, "5_Total_receipt_00150_1": 0.0, "6_2,000_receipt_00150_1": 0.0, "7_P.Rest_receipt_00150_1": 0.16666666666666666, "8_10_receipt_00150_1": 1.0, "9_%_receipt_00150_1": 1.0, "10_Pajak_receipt_00150_1": 0.2, "11_20,000_receipt_00150_1": 0.0, "12_Dasar_receipt_00150_1": 0.0, "13_Pengenaan_receipt_00150_1": 0.0, "14_20,000_receipt_00150_1": 0.0, "15_Sub_receipt_00150_1": 1.0, "16_Total_receipt_00150_1": 0.0, "0_1.95_776_2": 0.0, "1_2_776_2": 1.0, "2_0.65EUR_776_2": 0.14285714285714285, "3_250G_776_2": 0.25, "4_BAGUEITE_776_2": 0.125, "5_3_776_2": 1.0, "6_MEUNIERS_776_2": 0.25, "7_PATISSERIE_776_2": 0.0, "8_1.71_776_2": 1.0, "9_5_776_2": 1.0, "10_PLANTA_776_2": 0.0, "11_510G_776_2": 0.25, "12_FIN_776_2": 1.0, "13_DOUX_776_2": 0.75, "14_FRAMB,50OG_776_2": 0.4, "15_1.54_776_2": 0.0, "16_2_776_2": 1.0, "17_FRAISE_776_2": 0.0, "18_PANIER_776_2": 0.0, "19_4_776_2": 1.0, "20_YAF_776_2": 0.6666666666666666, "21_8.28_776_2": 0.0, "22_4.14EUR_776_2": 0.14285714285714285, "23_2_776_2": 1.0, "24_CHARENTE_776_2": 0.0, "25_POITOU_776_2": 0.0, "26_UHT_776_2": 0.3333333333333333, "27_BK_776_2": 0.0, "28_1.56_776_2": 0.0, "29_2_776_2": 1.0, "30_VELOUTE_776_2": 0.0, "31_NATURE_776_2": 0.16666666666666666, "32_CARAMEL_776_2": 1.0, "33_4X70G_776_2": 0.6, "34_1.48_776_2": 0.0, "35_2_776_2": 1.0, "36_VELOURS_776_2": 0.0, "37_CREME_776_2": 0.0, "38_NOISETTE.280G_776_2": 0.3076923076923077, "39_1.63_776_2": 0.0, "40_VEL_776_2": 0.0, "41_CHOC_776_2": 0.5, "42_4_776_2": 1.0, "43_CR_776_2": 1.0, "44_CREMERIE_776_2": 0.125, "45_>>_776_2": 0.0, "46_5_776_2": 4.0, "47_1.99_776_2": 0.0, "48_ROSE_776_2": 0.0, "49_MIMOSA_776_2": 0.5, "50_X12,1P_776_2": 0.3333333333333333, "51_PH_776_2": 0.5, "52_2.20_776_2": 0.0, "53_5_776_2": 1.0, "54_POUBELL_776_2": 0.0, "55_SACS_776_2": 0.0, "56_0.85_776_2": 0.0, "57_5_776_2": 1.0, "58_300ML_776_2": 0.2, "59_ECO+_776_2": 0.25, "60_MEUBLE_776_2": 0.16666666666666666, "61_CIRE_776_2": 0.0, "62_DEPOUSS_776_2": 0.14285714285714285, "63_D.P.H_776_2": 0.0, "64_>>_776_2": 0.0, "0_TOTAL_receipt_00532_1": 0.0, "0_MERCI_417_1": 0.0, "1_DE_417_1": 0.0, "2_VOTRE_417_1": 0.0, "3_VISITE_417_1": 0.0, "4_0007_417_1": 1.0, "5_003_417_1": 0.0, "6_000265_417_1": 0.16666666666666666, "7_16/01/2017_417_1": 0.0, "8_17:48:23_417_1": 0.0, "9_Votre_417_1": 0.0, "10_Monnaie_417_1": 0.0, "11_-1.61\u20ac_417_1": 0.3333333333333333, "12_ESPECES_417_1": 0.0, "13_EUR_417_1": 0.0, "14_5.00\u20ac_417_1": 0.4, "15_2_417_1": 0.0, "16_AITICLE(S)_417_1": 0.0, "17_TOTAL_417_1": 0.0, "18_A_417_1": 0.0, "19_PAYER_417_1": 0.0, "20_3.39\u20ac_417_1": 0.4, "21_1L_417_1": 0.5, "22_1.96\u20ac_417_1": 0.4, "23_*4X115_417_1": 0.3333333333333333, "24_RIZ_417_1": 0.0, "25_LAIT_417_1": 0.0, "26_AU_417_1": 0.5, "27_1.43\u20ac_417_1": 0.4, "28_DESCRIPTION_417_1": 0.09090909090909091, "29_QTE_417_1": 1.0, "30_MONTANT_417_1": 0.2857142857142857, "0_DESCRIPTION_397_0": 0.09090909090909091, "1_QTE_397_0": 0.0, "2_MONTANT_397_0": 0.2857142857142857, "3_:_397_0": 2.0, "4_Tel_397_0": 0.0, "5_17000_397_0": 0.0, "6_LA_397_0": 0.0, "7_ROCHELLE_397_0": 0.0, "8_33_397_0": 0.0, "9_RUE_397_0": 0.0, "10_DE_397_0": 0.0, "11_LA_397_0": 0.5, "12_SCIERIE_397_0": 0.0, "13_CRF-CITY_397_0": 0.0, "14_LA_397_0": 0.0, "15_ROCHELLE_397_0": 0.0, "0_Change:_receipt_00394_1": 0.42857142857142855, "1_30.000_receipt_00394_1": 0.16666666666666666, "2_Tendered:_receipt_00394_1": 0.0, "3_52.000_receipt_00394_1": 0.0, "4_Cash_receipt_00394_1": 0.0, "5_22.000_receipt_00394_1": 0.16666666666666666, "6_Total._receipt_00394_1": 0.0, "7_Total_receipt_00394_1": 0.0, "8_Item:_receipt_00394_1": 0.8, "9_2_receipt_00394_1": 1.0, "10_0_receipt_00394_1": 2.0, "11_x1_receipt_00394_1": 1.0, "12_0_receipt_00394_1": 1.0, "13_Bag_receipt_00394_1": 0.3333333333333333, "14_6001-Plastic_receipt_00394_1": 0.08333333333333333, "15_Small_receipt_00394_1": 0.4, "16_x1_receipt_00394_1": 1.0, "17_22.000_receipt_00394_1": 0.3333333333333333, "18_22.000_receipt_00394_1": 0.0, "19_1001-Choco_receipt_00394_1": 0.4, "20_Bun_receipt_00394_1": 1.0, "0_8,02_642_0": 0.25, "1_GALETTE_642_0": 0.0, "2_POLYCOT_642_0": 0.14285714285714285, "3_GRES_642_0": 0.0, "4_EUR_642_0": 0.0, "5_B_642_0": 0.0, "6_ART#_642_0": 0.25, "7_FAX_642_0": 0.0, "8_:_642_0": 1.0, "9_:_642_0": 1.0, "10_TEL_642_0": 0.0, "11_05_642_0": 0.0, "12_46_642_0": 0.0, "13_32_642_0": 1.0, "14_67_642_0": 0.0, "15_67_642_0": 0.0, "16_17400_642_0": 0.0, "17_D'ANGELY_642_0": 0.125, "18_ST_642_0": 0.0, "19_JEAN_642_0": 0.0, "20_ZAC_642_0": 0.0, "21_DE_642_0": 0.0, "22_L'AUMONERIE_642_0": 0.09090909090909091, "0_Mochi_receipt_00741_0": 0.6, "1_3002-Kyoto_receipt_00741_0": 0.0, "2_Choco_receipt_00741_0": 0.0, "0_Merci_688_3": 0.0, "1_de_688_3": 0.0, "2_votre_688_3": 0.0, "3_visite_688_3": 0.0, "4_et_688_3": 0.0, "5_a_688_3": 0.0, "6_bientot._688_3": 0.125, "7_1_688_3": 0.0, "8_echange_688_3": 0.0, "9_d'un_688_3": 0.0, "10_sous_688_3": 0.0, "11_mois._688_3": 0.0, "12_peuvent_688_3": 0.0, "13_l'objet_688_3": 0.14285714285714285, "14_uniquement_688_3": 0.0, "15_faire_688_3": 0.0, "16_Kadeos,_688_3": 0.14285714285714285, "17_TirGroupe_688_3": 0.0, "18_Cad'hoc_688_3": 0.0, "19_et_688_3": 0.0, "20_Sodexo_688_3": 0.16666666666666666, "21_Obaibi,_688_3": 0.0, "22_cheques_688_3": 0.14285714285714285, "23_Okaidi_688_3": 0.0, "24_cadeaux_688_3": 0.0, "25_regles_688_3": 0.0, "26_par_688_3": 0.0, "27_Les_688_3": 0.0, "28_articles_688_3": 0.0, "29_carte_688_3": 0.0, "30_cadeau_688_3": 0.0, "31_magasins_688_3": 0.0, "32_d'usine)._688_3": 0.0, "33_et_688_3": 0.0, "34_(hors_688_3": 0.0, "35_bain,_688_3": 0.2, "36_maillots_688_3": 0.0, "37_de_688_3": 0.0, "38_de_688_3": 0.0, "39_France_688_3": 0.0, "40_original_688_3": 0.0, "41_magasins_688_3": 0.125, "42_dans_688_3": 0.0, "43_tous_688_3": 0.0, "44_les_688_3": 0.0, "45_Okaidi_688_3": 0.0, "46_presentation_688_3": 0.0, "47_ticket_688_3": 0.0, "48_sur_688_3": 0.0, "49_du_688_3": 0.0, "50_de_688_3": 0.0, "51_caisse_688_3": 0.0, "52_echange_688_3": 0.0, "53_ou_688_3": 0.0, "54_rembourse_688_3": 0.0, "55_sous_688_3": 0.0, "56_un_688_3": 0.0, "57_mois_688_3": 0.0, "58_porte_688_3": 0.0, "59_peut_688_3": 0.0, "60_Tout_688_3": 0.0, "61_article_688_3": 0.0, "62_non_688_3": 0.0, "63_etre_688_3": 0.25, "0_5.000_receipt_00010_0": 0.4, "1_Kembalian_receipt_00010_0": 0.5555555555555556, "2_CASH_receipt_00010_0": 1.0, "3_30.000_receipt_00010_0": 0.5, "4_25.000_receipt_00010_0": 0.3333333333333333, "5_Total_receipt_00010_0": 0.8, "6_Subtotal_receipt_00010_0": 0.625, "7_25.000_receipt_00010_0": 0.3333333333333333, "8_+M_receipt_00010_0": 1.0, "9_+Hot_receipt_00010_0": 0.5, "10_Coffee_receipt_00010_0": 0.8333333333333334, "11_1_receipt_00010_0": 1.0, "12_Viet_receipt_00010_0": 0.5, "13_Milk_receipt_00010_0": 0.75, "14_25.000_receipt_00010_0": 1.0, "0_BIENTOT_195_1": 0.0, "1_0004_195_1": 0.0, "2_003_195_1": 0.0, "3_000503_195_1": 0.0, "4_19/12/2016_195_1": 0.2, "5_19:18:10_195_1": 0.0, "6_CARTE_195_1": 0.0, "7_BANCAIRE_195_1": 0.0, "8_EMV_195_1": 0.0, "9_EUR_195_1": 0.0, "10_0.71\u20ac_195_1": 0.4, "11_ARTICLE_195_1": 0.0, "12_(S)_195_1": 0.6666666666666666, "13_TOTAL_195_1": 0.0, "14_A_195_1": 0.0, "15_PAYER_195_1": 0.0, "16_0.71\u20ac_195_1": 0.4, "17_*60G_195_1": 0.5, "18_SOUPE_195_1": 0.0, "19_CHINOISE_195_1": 0.0, "20_0.71\u20ac_195_1": 0.4, "21_QTE_195_1": 0.0, "22_MONTANT_195_1": 0.14285714285714285, "23_DESCRIPTION_195_1": 0.0, "0_CASH_receipt_00503_1": 0.0, "1_ITEMS_receipt_00503_1": 0.4, "2_4Q_receipt_00503_1": 0.5, "3_Rp2_receipt_00503_1": 0.3333333333333333, "4_DIFFER_receipt_00503_1": 0.0, "5_Rp 3636_receipt_00503_1": 0.14285714285714285, "6_PB_receipt_00503_1": 0.5, "7_1_receipt_00503_1": 1.0, "0_32,500_receipt_00753_0": 0.16666666666666666, "1_GANACHE_receipt_00753_0": 0.14285714285714285, "2_MOUSSE_receipt_00753_0": 0.0, "3_PIECE_receipt_00753_0": 0.0, "4_1_receipt_00753_0": 1.0, "0_CHANGE_receipt_00119_1": 0.0, "1_DUE_receipt_00119_1": 0.0, "2_5,000_receipt_00119_1": 0.0, "3_CASH IDR_receipt_00119_1": 0.0, "4_22,000_receipt_00119_1": 0.0, "5_17,000_receipt_00119_1": 0.0, "6_SUB TOTAL_receipt_00119_1": 0.0, "7_17,000_receipt_00119_1": 0.0, "0_0001_0_1": 0.0, "1_004_0_1": 0.0, "2_000035_0_1": 0.0, "3_24/02/2017_0_1": 0.0, "4_10:49:08_0_1": 0.0, "5_CB_0_1": 0.5, "6_EMV_0_1": 0.3333333333333333, "7_SANS_0_1": 0.0, "8_CONTACT_0_1": 0.0, "9_EUR_0_1": 0.0, "10_11.78\u20ac_0_1": 0.3333333333333333, "11_ARTICLE_0_1": 0.0, "12_(S)_0_1": 0.6666666666666666, "13_TOTAL_0_1": 0.0, "14_A_0_1": 0.0, "15_PAYER_0_1": 0.0, "16_11.78\u20ac_0_1": 0.3333333333333333, "17_*H._0_1": 0.0, "18_SNACK_0_1": 0.2, "19_CHOCO_0_1": 0.0, "20_0.92\u20ac_0_1": 0.4, "21_*EMMENTAL_0_1": 0.3333333333333333, "22_EN_0_1": 0.5, "23_TRANCH_0_1": 0.0, "24_1.91\u20ac_0_1": 0.4, "25_*3206_0_1": 0.2, "26_SALADE_0_1": 0.0, "27_ANT_0_1": 0.0, "28_IBE_0_1": 0.3333333333333333, "29_3.74\u20ac_0_1": 0.4, "30_MOJITO_0_1": 0.8333333333333334, "31_*1L_0_1": 0.0, "32_BOISSON_0_1": 0.14285714285714285, "33_2.60\u20ac_0_1": 0.4, "34_*160G_0_1": 0.6, "35_BLC_0_1": 0.0, "36_PLT_0_1": 0.3333333333333333, "37_4TR.F_0_1": 0.0, "38_2.15\u20ac_0_1": 0.4, "39_1.0222_0_1": 0.0, "40_x_0_1": 1.0, "41_0.45\u20ac_0_1": 0.4, "42_*1/2_0_1": 0.5, "43_BAGUETTE_0_1": 0.0, "44_125G_0_1": 0.25, "45_0.46\u20ac_0_1": 0.4, "46_DESCRIPTION_0_1": 0.0, "47_QTE_0_1": 1.0, "48_MONTANT_0_1": 0.2857142857142857, "0_0001_549_1": 0.0, "1_005_549_1": 0.3333333333333333, "2_000074_549_1": 0.0, "3_16/03/2017_549_1": 0.0, "4_12:15:46_549_1": 0.0, "5_Votre_549_1": 0.0, "6_Monnaie_549_1": 0.0, "7_-3.49\u20ac_549_1": 0.3333333333333333, "8_EUR_549_1": 0.0, "9_ESPECES_549_1": 0.0, "10_10.00\u20ac_549_1": 0.3333333333333333, "11_(S)_549_1": 1.0, "12_4_549_1": 0.0, "13_ARTICLE_549_1": 0.0, "14_TOTAL_549_1": 0.0, "15_A_549_1": 0.0, "16_PAYER_549_1": 0.0, "17_6.51\u20ac_549_1": 0.4, "18_0.172kg_549_1": 0.0, "19_x_549_1": 0.0, "20_2.70\u20ac/kg_549_1": 0.125, "21_*F_549_1": 1.0, "22_POMME_549_1": 0.4, "23_ROYAL_549_1": 0.0, "24_GALA_549_1": 0.0, "25_0.46\u20ac_549_1": 0.4, "26_*80G_549_1": 0.5, "27_CHOC_549_1": 0.0, "28_NOIR_549_1": 0.0, "29_80%_549_1": 0.0, "30_CHILI_549_1": 0.0, "31_*300G_549_1": 0.6, "32_CON_549_1": 0.6666666666666666, "33_CARNE_549_1": 0.0, "34_3.37\u20ac_549_1": 0.2, "35_*200G_549_1": 0.2, "36_CAROTTE_549_1": 0.0, "37_RAPE_549_1": 0.0, "38_BI_549_1": 0.5, "39_1.60\u20ac_549_1": 0.4, "0_Sub Total_receipt_00259_0": 0.2222222222222222, "1_15000_receipt_00259_0": 0.0, "2_15000_receipt_00259_0": 0.0, "3_RTD Jahe_receipt_00259_0": 0.0, "4_1_receipt_00259_0": 1.0, "5_15000_receipt_00259_0": 0.2, "0_de_642_2": 0.0, "1_votre_642_2": 0.0, "2_Merci_642_2": 0.0, "3_visite_642_2": 0.0, "4_AUCUN_642_2": 0.0, "5_NE_642_2": 0.0, "6_SERA_642_2": 0.0, "7_EFFECTUE_642_2": 0.0, "8_Un_642_2": 0.0, "9_avoir_642_2": 0.0, "10_sera_642_2": 0.0, "11_remis._642_2": 0.0, "12_(vivants_642_2": 0.0, "13_H)_642_2": 0.5, "14_48_642_2": 0.0, "15_pour_642_2": 0.0, "16_jours_642_2": 0.0, "17_tout_642_2": 0.0, "18_30_642_2": 0.0, "19_retour_642_2": 0.0, "20_sous_642_2": 0.0, "21_LE_642_2": 0.0, "22_TICKET_642_2": 0.0, "23_DE_642_2": 0.0, "24_CAISSE_642_2": 0.0, "25_EST_642_2": 0.0, "26_EXIGE_642_2": 0.0, "27_00001_642_2": 0.0, "28_M02711_642_2": 0.0, "29_CO05_642_2": 0.25, "30_TO037_642_2": 0.2, "31_16/06/2017_642_2": 0.0, "32_9:50:31_642_2": 0.0, "33_MELISSA_642_2": 0.0, "34_CAISSIERE:_642_2": 0.0, "35_1,77_642_2": 0.75, "36_SOLDE_642_2": 0.0, "37_DISPONIBLE_642_2": 0.1, "0_CHOC_receipt_00631_0": 0.25, "1_BANANA_receipt_00631_0": 0.0, "2_10.000_receipt_00631_0": 0.5, "0_Details:_329_1": 0.0, "1_compte_329_1": 0.0, "2_votre_329_1": 0.0, "3_fidelite_329_1": 0.0, "4_Carrefour._329_1": 0.0, "5_auriez_329_1": 0.0, "6_cumule_329_1": 0.0, "7_0.33\u20ac_329_1": 0.4, "8_sur_329_1": 0.0, "9_la_329_1": 0.0, "10_fidelite,_329_1": 0.0, "11_aviez_329_1": 0.0, "12_carte_329_1": 0.0, "13_EMV_329_1": 0.0, "14_EUR_329_1": 0.0, "15_CARTE_329_1": 0.0, "16_BANCAIRE_329_1": 0.0, "17_4.94\u20ac_329_1": 0.4, "18_(S)_329_1": 0.6666666666666666, "19_2_329_1": 0.0, "20_ARTICLE_329_1": 0.0, "21_TOTAL_329_1": 0.6, "22_A_329_1": 0.0, "23_PAYER_329_1": 0.0, "24_4.94\u20ac_329_1": 0.4, "25_*DESS.FRTS_329_1": 0.1, "26_POM/PEC/_329_1": 0.0, "27_1.68\u20ac_329_1": 0.4, "28_440G_329_1": 0.25, "29_3.26\u20ac_329_1": 0.4, "30_*COUSCOUS_329_1": 0.0, "31_CRF_329_1": 0.0, "0_TOAST_receipt_00547_0": 0.0, "1_PAN_receipt_00547_0": 0.0, "2_1_receipt_00547_0": 0.0, "3_PREMIUM_receipt_00547_0": 0.0, "4_BREAD_receipt_00547_0": 0.0, "5_25,000_receipt_00547_0": 0.0, "6_SAUSAGE_receipt_00547_0": 0.0, "7_1_receipt_00547_0": 0.0, "8_DONUT_receipt_00547_0": 0.0, "9_14,000_receipt_00547_0": 0.0, "0_CHANGE:_receipt_00023_1": 0.0, "1_0_receipt_00023_1": 2.0, "2_21,000_receipt_00023_1": 0.0, "3_Cash:_receipt_00023_1": 0.0, "4_Total:_receipt_00023_1": 0.0, "5_21,000_receipt_00023_1": 0.16666666666666666, "6_Subtotal:_receipt_00023_1": 0.0, "7_21,000_receipt_00023_1": 0.8333333333333334, "0_34.500_receipt_00604_1": 1.0, "1_PB_receipt_00604_1": 0.0, "2_1_receipt_00604_1": 1.0, "3_3.136_receipt_00604_1": 0.2, "4_Subtotal_receipt_00604_1": 0.0, "5_31.364_receipt_00604_1": 0.16666666666666666, "0_CHANGED_receipt_00697_1": 0.0, "1_0_receipt_00697_1": 1.0, "2_44.000_receipt_00697_1": 0.16666666666666666, "3_CASH_receipt_00697_1": 0.0, "4_44.000_receipt_00697_1": 0.0, "5_TOTAL_receipt_00697_1": 0.8, "0_A_123_2": 0.0, "1_BIENTOT_123_2": 0.0, "2_MERCI_123_2": 0.0, "3_DE_123_2": 0.0, "4_VOTRE_123_2": 0.0, "5_VISITE_123_2": 0.0, "6_0001_123_2": 0.25, "7_004_123_2": 0.0, "8_000716_123_2": 0.0, "9_02/11/2016_123_2": 0.2, "10_20:38:53_123_2": 0.0, "11_produits_123_2": 0.0, "12_5_123_2": 0.0, "13_%_123_2": 0.0, "14_Carrefo_123_2": 0.14285714285714285, "15_0.11\u20ac_123_2": 0.4, "16_Details:_123_2": 0.0, "17_compte_123_2": 0.0, "18_votre_123_2": 0.0, "19_Carrefour._123_2": 0.0, "20_fidelite_123_2": 0.0, "21_auriez_123_2": 0.0, "22_cumule_123_2": 0.0, "23_vous_123_2": 0.0, "24_0.11\u20ac_123_2": 0.4, "25_sur_123_2": 0.0, "26_la_123_2": 0.0, "27_fidelite,_123_2": 0.1111111111111111, "28_aviez_123_2": 0.0, "29_carte_123_2": 0.0, "30_CARTE_123_2": 0.0, "31_BANCAIRE_123_2": 0.0, "32_EMV_123_2": 0.0, "33_EUR_123_2": 0.0, "34_12.92\u20ac_123_2": 0.3333333333333333, "0_THAI_receipt_00248_0": 0.25, "1_GREEN_receipt_00248_0": 0.0, "2_TEA_receipt_00248_0": 0.3333333333333333, "3_ICE_receipt_00248_0": 0.3333333333333333, "4_24.000_receipt_00248_0": 0.0, "5_1_receipt_00248_0": 1.0, "0_DESCRIPTION_135_0": 0.0, "1_QTE_135_0": 0.3333333333333333, "2_MONTANT_135_0": 0.2857142857142857, "3_:_135_0": 1.0, "4_Tel_135_0": 0.0, "5_17000_135_0": 0.0, "6_ROCHELLE_135_0": 0.0, "7_LA_135_0": 0.5, "8_33_135_0": 0.0, "9_RUE_135_0": 0.0, "10_DE_135_0": 0.0, "11_LA_135_0": 0.0, "12_SCIERIE_135_0": 0.0, "13_CRF-CITY_135_0": 0.0, "14_LA_135_0": 0.5, "15_ROCHELLE_135_0": 0.0, "0_A_812_2": 0.0, "1_CONSERVER_812_2": 0.0, "2_TICKET_812_2": 0.0, "3_CLIENT_812_2": 0.0, "4_DEBIT_812_2": 0.0, "5_4,86EUR_812_2": 0.0, "6_MONTANT=_812_2": 0.0, "7_009966_812_2": 0.0, "8_543_812_2": 0.0, "9_001_812_2": 0.3333333333333333, "10_30004_812_2": 0.0, "11_4359915_812_2": 0.0, "12_17LAROCHELLE_812_2": 0.0, "13_SC_812_2": 0.5, "14_ACTION_812_2": 0.0, "15_FRANCE_812_2": 0.0, "16_le_812_2": 0.0, "17_05/06/17_812_2": 0.0, "18_17:00:57_812_2": 0.0, "19_a_812_2": 0.0, "20_CB_812_2": 0.0, "0_15,000_receipt_00230_0": 0.0, "1_RICE_receipt_00230_0": 0.0, "2_1_receipt_00230_0": 1.0, "3_150,000_receipt_00230_0": 0.0, "4_YUKHWE_receipt_00230_0": 0.0, "5_1_receipt_00230_0": 1.0, "6_OGYOPSAL_receipt_00230_0": 0.0, "7_97,000_receipt_00230_0": 0.0, "8_1_receipt_00230_0": 1.0, "9_97,000_receipt_00230_0": 0.0, "10_SAMGYOPSAL_receipt_00230_0": 0.0, "11_1_receipt_00230_0": 1.0, "0_2_receipt_00777_0": 1.0, "1_TMPAT_receipt_00777_0": 0.6, "2_JD_receipt_00777_0": 1.0, "3_98,000_receipt_00777_0": 0.5, "4_1_receipt_00777_0": 1.0, "5_AGSIO_receipt_00777_0": 1.0, "6_TH_receipt_00777_0": 1.0, "7_PC_receipt_00777_0": 1.0, "8_JMR_receipt_00777_0": 1.0, "9_JADI_receipt_00777_0": 0.75, "10_2_receipt_00777_0": 1.0, "11_TMPAT_receipt_00777_0": 1.0, "12_RBS_receipt_00777_0": 1.0, "13_EKOR_receipt_00777_0": 0.5, "14_190.000_receipt_00777_0": 0.7142857142857143, "15_AYM_receipt_00777_0": 1.0, "16_1_receipt_00777_0": 1.0, "17_1_receipt_00777_0": 1.0, "18_TIM_receipt_00777_0": 1.0, "19_KECAP_receipt_00777_0": 0.8, "20_TIM_receipt_00777_0": 1.0, "21_700_receipt_00777_0": 1.0, "22_364,000_receipt_00777_0": 0.5714285714285714, "23_1_receipt_00777_0": 1.0, "24_KRPU_receipt_00777_0": 0.75, "25_MCN_receipt_00777_0": 1.0, "26_CUP_receipt_00777_0": 1.0, "27_TMBHN_receipt_00777_0": 1.0, "28_CRYSANTNUM_receipt_00777_0": 0.3, "29_3_receipt_00777_0": 1.0, "30_14,000_receipt_00777_0": 1.0, "31_TE_receipt_00777_0": 0.5, "32_3_receipt_00777_0": 1.0, "33_CHINESE_receipt_00777_0": 0.0, "34_42,000_receipt_00777_0": 0.5, "35_CRYSANTNUM_receipt_00777_0": 0.5, "36_3_receipt_00777_0": 1.0, "37_14.000_receipt_00777_0": 1.0, "38_42,000_receipt_00777_0": 0.8333333333333334, "39_CHINESE_receipt_00777_0": 0.14285714285714285, "40_TE_receipt_00777_0": 1.0, "41_3_receipt_00777_0": 1.0, "0_70.000_receipt_00313_1": 0.0, "1_Card_receipt_00313_1": 0.0, "2_Debet_receipt_00313_1": 0.2, "3_70.000_receipt_00313_1": 0.0, "4_Total._receipt_00313_1": 0.0, "5_5_receipt_00313_1": 0.0, "6_Item:_receipt_00313_1": 0.2, "7_Total_receipt_00313_1": 0.0, "8_0_receipt_00313_1": 1.0, "9_x1_receipt_00313_1": 1.0, "10_0_receipt_00313_1": 1.0, "11_Bag_receipt_00313_1": 0.3333333333333333, "12_Small_receipt_00313_1": 0.2, "13_6001-Plastic_receipt_00313_1": 0.16666666666666666, "14_28.000_receipt_00313_1": 0.0, "15_x1_receipt_00313_1": 1.0, "16_28.000_receipt_00313_1": 0.0, "17_1019-Choco_receipt_00313_1": 0.0, "18_Banana_receipt_00313_1": 0.0, "19_42.000_receipt_00313_1": 0.0, "20_x3_receipt_00313_1": 1.0, "21_14.000_receipt_00313_1": 0.0, "22_Choco_receipt_00313_1": 0.6, "23_Mochi_receipt_00313_1": 0.4, "24_3002-Kyoto_receipt_00313_1": 0.2, "0_:_377_0": 1.0, "1_Tel_377_0": 0.0, "2_17000_377_0": 0.0, "3_LA_377_0": 0.5, "4_ROCHELLE_377_0": 0.0, "5_33_377_0": 0.0, "6_RUE_377_0": 0.0, "7_DE_377_0": 0.0, "8_LA_377_0": 0.5, "9_SCIERIE_377_0": 0.0, "10_CRF-CITY_377_0": 0.0, "11_LA_377_0": 0.0, "12_ROCHELLE_377_0": 0.0, "0_ _receipt_00730_0": 4.0, "0_50,000_receipt_00602_1": 0.0, "1_CASH_receipt_00602_1": 0.0, "0_Vignette(s)_501_2": 0.0, "1_par_501_2": 0.0, "2_operation_501_2": 0.0, "3_Bravo_501_2": 0.2, "4_vous_501_2": 0.0, "5_avez_501_2": 0.0, "6_cumule_501_2": 0.0, "7_1.0_501_2": 0.0, "8_BIENTOT_501_2": 0.0, "9_A_501_2": 0.0, "0_A_432_2": 0.0, "1_BIENTOT_432_2": 0.0, "2_MERCI_432_2": 0.2, "3_DE_432_2": 0.0, "4_VOTRE_432_2": 0.0, "5_VISITE_432_2": 0.0, "6_0001_432_2": 0.25, "7_004_432_2": 0.3333333333333333, "8_000513_432_2": 0.0, "9_03/04/2017_432_2": 0.2, "10_18:57:52_432_2": 0.0, "11_produits_432_2": 0.0, "12_5%_432_2": 0.0, "13_Carrefou_432_2": 0.0, "14_0.03\u20ac_432_2": 0.4, "15_Details:_432_2": 0.0, "16_compte_432_2": 0.0, "17_votre_432_2": 0.0, "18_fidelite_432_2": 0.0, "19_Carrefour._432_2": 0.0, "20_auriez_432_2": 0.0, "21_cumule_432_2": 0.0, "22_0.03\u20ac_432_2": 0.4, "23_sur_432_2": 0.0, "0_:_602_0": 1.0, "1_Ticket_602_0": 0.0, "2_252_602_0": 0.0, "3_Num_602_0": 0.0, "4_Rayon_602_0": 0.0, "5_:_602_0": 1.0, "6_Vendeur_602_0": 0.42857142857142855, "7_3_602_0": 0.0, "8_MARYLINE_602_0": 0.375, "9_Balance:_602_0": 0.0, "10_Client:_602_0": 0.0, "11_72_602_0": 0.0, "12_2_602_0": 0.0, "13_TEL_602_0": 0.0, "14_06_602_0": 0.5, "15_26_602_0": 0.0, "16_18_602_0": 0.0, "17_21_602_0": 0.0, "18_22_602_0": 0.5, "19_17690_602_0": 0.0, "20_DES_602_0": 0.3333333333333333, "21_LES_602_0": 0.0, "22_ANGLOIS_602_0": 0.0, "0_2.78\u20ac_253_2": 0.4, "1_NIVEA_253_2": 0.2, "2_P.SENSIB_253_2": 0.0, "3_MAR_253_2": 0.3333333333333333, "4_51.61\u20ac_253_2": 0.0, "5_TOTAL_253_2": 0.0, "6_ALIMENTAIRE_253_2": 0.18181818181818182, "7_1.42\u20ac_253_2": 0.4, "8_*YOPA_253_2": 0.4, "9_LIT_253_2": 0.6666666666666666, "10_CERISE_253_2": 0.0, "11_1.42\u20ac_253_2": 0.4, "12_*YOPA_253_2": 0.2, "13_LIT_253_2": 1.0, "14_CERISE_253_2": 0.16666666666666666, "15_0.84\u20ac_253_2": 0.4, "16_SPAGHETTI_253_2": 0.0, "17_CUISSON_253_2": 0.14285714285714285, "18_1.15\u20ac_253_2": 0.4, "19_JUS_253_2": 0.6666666666666666, "20_*PUR_253_2": 0.0, "21_RAISIN_253_2": 0.0, "22_1L_253_2": 0.5, "23_1.34\u20ac_253_2": 0.4, "24_*POMME_253_2": 0.16666666666666666, "25_RHUBARBE_253_2": 0.0, "26_X4_253_2": 0.5, "27_2.43\u20ac_253_2": 0.4, "28_*PIZZA_253_2": 0.8333333333333334, "29_4SAISONS_253_2": 0.125, "30_CRF_253_2": 0.0, "31_1.90\u20ac_253_2": 0.4, "32_*PASTIN_253_2": 0.0, "33_HULTICEREAL_253_2": 0.0, "34_1.68\u20ac_253_2": 0.4, "35_DESS.GROS_253_2": 0.0, "36_*ORANGE_253_2": 0.2857142857142857, "37_2.15\u20ac_253_2": 0.4, "38_*LEGUME_253_2": 0.2857142857142857, "39_DU_253_2": 1.0, "40_SUD_253_2": 1.0, "41_1L_253_2": 1.0, "42_3.94e_253_2": 0.4, "43_KG_253_2": 0.5, "44_JNE_253_2": 0.3333333333333333, "45_HAL_253_2": 0.0, "46_FLT_253_2": 0.0, "47_PLT_253_2": 0.0, "48_3.20\u20ac_253_2": 0.4, "49_HAL_253_2": 0.0, "50_KG_253_2": 1.0, "51_ESCALOP_253_2": 0.0, "52_DDE_253_2": 0.0, "53_*FR.FRAIS_253_2": 0.1111111111111111, "54_1.51\u20ac_253_2": 0.4, "55_0&MG_253_2": 0.75, "56_CRF_253_2": 0.0, "0_302,016_receipt_00003_1": 0.0, "1_TOTAL_receipt_00003_1": 0.0, "2_19,000_receipt_00003_1": 0.0, "3_Discount_receipt_00003_1": 0.0, "4_52,416_receipt_00003_1": 0.0, "5_Tax_receipt_00003_1": 0.0, "6_9,600_receipt_00003_1": 0.0, "7_Service_receipt_00003_1": 0.0, "8_Sub_receipt_00003_1": 0.0, "9_259,000_receipt_00003_1": 0.0, "10_Total_receipt_00003_1": 0.0, "11_Ades_receipt_00003_1": 0.0, "12_10,000_receipt_00003_1": 1.0, "13_1_receipt_00003_1": 1.0, "0_Master_receipt_00630_1": 0.16666666666666666, "1_574,255_receipt_00630_1": 0.0, "2_TOTAL_receipt_00630_1": 0.0, "3_574,255_receipt_00630_1": 0.0, "4_PB1_receipt_00630_1": 1.3333333333333333, "5_10%_receipt_00630_1": 0.3333333333333333, "6_52,205_receipt_00630_1": 0.16666666666666666, "7_SC_receipt_00630_1": 1.0, "8_6%_receipt_00630_1": 1.0, "9_29,550_receipt_00630_1": 0.3333333333333333, "10_SUBTOTAL_receipt_00630_1": 0.125, "11_492,500_receipt_00630_1": 0.5714285714285714, "0_*SAC_64_1": 0.25, "1_POIGN_64_1": 0.4, "2_0.15\u20ac_64_1": 0.4, "3_2.50\u20ac/kg_64_1": 0.0, "4_0.850kg_64_1": 0.14285714285714285, "5_x_64_1": 0.0, "6_*ORANGE_64_1": 0.2857142857142857, "7_2.13\u20ac_64_1": 0.4, "8_*LAIT_64_1": 0.4, "9_(ANDIA_64_1": 0.16666666666666666, "10_2x_64_1": 0.5, "11_1.41_64_1": 1.0, "12_2.82e_64_1": 0.4, "13_*EVIAN_64_1": 0.16666666666666666, "14_NEW_64_1": 0.6666666666666666, "15_1.5L_64_1": 0.25, "16_3x_64_1": 1.0, "17_0.59_64_1": 0.0, "18_1.77\u20ac_64_1": 0.4, "19_0.860kg_64_1": 0.0, "20_2.50\u20ac/kg_64_1": 0.125, "21_x_64_1": 1.0, "22_TINE_64_1": 0.0, "23_*CLENEN_64_1": 0.2857142857142857, "24_2_64_1": 1.0, "25_156_64_1": 0.6666666666666666, "26_*BU_64_1": 0.6666666666666666, "27_SEL_64_1": 0.3333333333333333, "28_FIN_64_1": 0.0, "29_IODE_64_1": 0.5, "30_0.616_64_1": 0.2, "31_*BAGUE1_64_1": 0.2857142857142857, "32_TE_64_1": 0.0, "33_250G_64_1": 0.25, "34_0.84\u20ac_64_1": 0.8, "35_*750ML_64_1": 0.3333333333333333, "36_CIT_64_1": 1.0, "37_PAIC_64_1": 0.0, "38_VRT_64_1": 0.3333333333333333, "39_2.10\u20ac_64_1": 0.2, "40_*750G_64_1": 0.4, "41_DOYPAC_64_1": 0.0, "42_FOUDRE_64_1": 0.0, "43_1.40\u20ac_64_1": 0.4, "44_OEUF_64_1": 0.5, "45_*6_64_1": 0.5, "46_GROS_64_1": 0.25, "47_EXTRA_64_1": 0.0, "48_1.25\u20ac_64_1": 0.4, "49_FRISPROLL.S/S_64_1": 0.0, "50_*225G_64_1": 0.6, "51_1.45\u20ac_64_1": 0.4, "52_*210G_64_1": 0.2, "53_(ORNI.CROQ_64_1": 0.1, "54_UT_64_1": 1.0, "55_1.96\u20ac_64_1": 0.4, "0_DESCRIPTION_136_0": 0.0, "1_QTE_136_0": 0.0, "2_HONTANT_136_0": 0.2857142857142857, "3_:_136_0": 1.0, "4_Tel_136_0": 0.0, "5_75006_136_0": 0.0, "6_PARIS_136_0": 0.2, "7_33_136_0": 1.0, "8_RUE_136_0": 0.0, "9_DE_136_0": 0.0, "10_LA_136_0": 1.5, "11_SCIERIE_136_0": 0.0, "12_CRF-CITY_136_0": 0.0, "13_LA_136_0": 0.0, "14_ROCHELLE_136_0": 0.0, "0_A_523_2": 0.0, "1_BIENTOT_523_2": 0.0, "2_MERCI_523_2": 0.0, "3_DE_523_2": 0.0, "4_VOTRE_523_2": 0.0, "5_VISITE_523_2": 0.0, "6_22/06/2017_523_2": 0.0, "7_000101_523_2": 0.0, "8_12:55:07_523_2": 0.125, "9_0006_523_2": 0.25, "10_002_523_2": 0.0, "11_:_523_2": 1.0, "12_Carte_523_2": 0.0, "0_ _receipt_00251_0": 2.0, "0_Appel_688_2": 0.0, "1_non_688_2": 0.0, "2_surtaxe_688_2": 0.0, "3_Service_688_2": 0.0, "4_Clients_688_2": 0.0, "5_09_688_2": 0.0, "6_69_688_2": 0.0, "7_39_688_2": 0.0, "8_23_688_2": 0.0, "9_90_688_2": 0.0, "10_20_688_2": 0.0, "11_%_688_2": 0.0, "12_19.33_688_2": 0.0, "13_96.59_688_2": 0.0, "14_\u20ac_688_2": 0.0, "15_\u20ac_688_2": 0.0, "16_Taux_688_2": 0.0, "17_TVA_688_2": 0.0, "18_Montant_688_2": 0.0, "19_H.T._688_2": 0.75, "20_T.V.A._688_2": 1.0, "21_Carte_688_2": 0.0, "22_bancaire_688_2": 0.0, "23_:_688_2": 1.0, "24_115.92_688_2": 0.16666666666666666, "25_\u20ac_688_2": 1.0, "26_Total_688_2": 0.0, "27_115.92_688_2": 0.8333333333333334, "28_\u20ac_688_2": 0.0, "29_24.99_688_2": 0.0, "30_\u20ac_688_2": 0.0, "31_OKF_688_2": 0.0, "32_FOCUS_688_2": 0.0, "33_TABLE_688_2": 0.0, "34_PULL_688_2": 0.0, "35_A_688_2": 0.0, "36_6_688_2": 0.0, "37_21.99_688_2": 0.4, "38_\u20ac_688_2": 0.0, "39_SKINNY_688_2": 0.0, "40_OKF_688_2": 0.0, "41_PER_688_2": 0.0, "42_DENIM_688_2": 0.2, "43_B_688_2": 0.0, "44_5_688_2": 1.0, "0_541,620_receipt_00230_1": 0.0, "1_TOTAL_receipt_00230_1": 0.0, "2_0_receipt_00230_1": 1.0, "3_Discount_receipt_00230_1": 0.0, "4_49,170_receipt_00230_1": 0.3333333333333333, "5_VAT_receipt_00230_1": 0.0, "6_23,450_receipt_00230_1": 0.0, "7_Service_receipt_00230_1": 0.0, "8_469,000_receipt_00230_1": 0.0, "9_Sub_receipt_00230_1": 0.3333333333333333, "10_Total_receipt_00230_1": 0.0, "11_CHIGE_receipt_00230_1": 0.0, "12_s_receipt_00230_1": 0.0, "13_SUNDUBU_receipt_00230_1": 0.0, "14_1_receipt_00230_1": 1.0, "15_0_receipt_00230_1": 0.0, "16_(REFILL)_receipt_00230_1": 0.0, "17_15,000_receipt_00230_1": 0.0, "18_OCHA_receipt_00230_1": 0.0, "19_DINGIN_receipt_00230_1": 0.0, "20_1_receipt_00230_1": 1.0, "21_95,000_receipt_00230_1": 0.0, "22_JABCHAE_receipt_00230_1": 0.0, "23_BEEF_receipt_00230_1": 0.0, "24_1_receipt_00230_1": 1.0, "0_0_receipt_00658_1": 0.0, "1_Kembalian_receipt_00658_1": 0.2222222222222222, "2_20.000_receipt_00658_1": 0.5, "3_CASH_receipt_00658_1": 0.5, "4_20.000_receipt_00658_1": 0.0, "5_Total_receipt_00658_1": 0.2, "6_20.000_receipt_00658_1": 0.0, "7_Subtotal_receipt_00658_1": 0.0, "0_17690_729_0": 0.0, "1_ANGOULINS_729_0": 0.0, "2_Avenue_729_0": 0.0, "3_des_729_0": 0.0, "4_Fourneaux_729_0": 0.0, "5_DU_729_0": 1.0, "6_MARCHE_729_0": 0.0, "7_L'HEURE_729_0": 0.42857142857142855, "8_Promenea_729_0": 0.625, "9_vous_729_0": 0.5, "10_dans_729_0": 0.0, "11_l'heure_729_0": 0.2857142857142857, "12_marche_729_0": 0.0, "13_du_729_0": 0.0, "14_11/02/2017_729_0": 0.0, "15_15:56_729_0": 0.2, "16_TK4-005497_729_0": 0.1, "0_CASH_receipt_00331_1": 0.0, "1_-54,000_receipt_00331_1": 0.14285714285714285, "2_TOTAL_receipt_00331_1": 0.0, "3_PJR_receipt_00331_1": 0.3333333333333333, "4_4,909_receipt_00331_1": 0.0, "5_49,091_receipt_00331_1": 0.16666666666666666, "6_SUB_receipt_00331_1": 0.6666666666666666, "7_TOTAL_receipt_00331_1": 0.2, "8_No_receipt_00331_1": 0.0, "9_2_receipt_00331_1": 2.0, "0_P.U x_204_0": 0.2, "1_MONTANT_204_0": 0.0, "2_QTE_204_0": 1.0, "3_DESIGNATION_204_0": 0.0, "4_Reprise_204_0": 0.14285714285714285, "5_02383335_204_0": 0.0, "6_SCANNING_204_0": 0.0, "7_TRX:_204_0": 0.25, "8_SELF_204_0": 0.0, "9_21h00_204_0": 0.0, "10_samedi_204_0": 0.3333333333333333, "11_de_204_0": 0.5, "12_8h30_204_0": 0.5, "13_a_204_0": 0.0, "14_Lundi_204_0": 0.2, "15_au_204_0": 0.0, "16_23_204_0": 0.0, "17_79_204_0": 0.5, "18_TE1:_204_0": 0.25, "19_05_204_0": 1.0, "20_Bienvenue_204_0": 0.1111111111111111, "21_chez_204_0": 0.25, "0_ _receipt_00790_0": 4.0, "0_Discount (0%)_receipt_00553_0": 0.07692307692307693, "1_15000_receipt_00553_0": 0.0, "2_Total_receipt_00553_0": 0.0, "3_Sub_receipt_00553_0": 0.3333333333333333, "4_15000_receipt_00553_0": 0.0, "5_15000_receipt_00553_0": 0.0, "6_1_receipt_00553_0": 1.0, "0_12.000_receipt_00639_1": 0.0, "1_CHANGED_receipt_00639_1": 0.0, "2_50.000_receipt_00639_1": 0.0, "3_CASH_receipt_00639_1": 0.0, "4_TOTAL_receipt_00639_1": 0.0, "5_38.000_receipt_00639_1": 0.16666666666666666, "6_Caramel_receipt_00639_1": 0.14285714285714285, "7_38.000_receipt_00639_1": 0.0, "8_Small_receipt_00639_1": 0.0, "9_1_receipt_00639_1": 0.0, "0_10:35:56_173_1": 0.0, "1_0006_173_1": 0.0, "2_000054_173_1": 0.0, "3_002_173_1": 0.0, "4_13/01/2016_173_1": 0.0, "5_18.66\u20ac_173_1": 0.0, "6_BANCAIRE_173_1": 0.0, "7_EMV_173_1": 0.0, "8_EUR_173_1": 0.0, "9_CARTE_173_1": 0.0, "10_18.66\u20ac_173_1": 0.0, "11_ARTICLE(S)_173_1": 0.0, "12_TOTAL_173_1": 0.2, "13_A_173_1": 1.0, "14_PAYER_173_1": 0.0, "15_5_173_1": 1.0, "16_8.50\u20ac_173_1": 0.4, "17_BIERE_173_1": 0.0, "18_*T_173_1": 1.0, "19_X4_173_1": 1.0, "20_2.66\u20ac_173_1": 0.4, "21_L'EVEQUE_173_1": 0.125, "22_RDF_173_1": 0.0, "23_*PT_173_1": 0.0, "24_15.00\u20ac_173_1": 0.3333333333333333, "25_0.1933_173_1": 0.0, "26_x_173_1": 0.0, "27_2.90\u20ac_173_1": 0.4, "28_*HORBIER_173_1": 0.125, "29_AOP_173_1": 0.3333333333333333, "30_2.30_173_1": 0.0, "31_4.60\u20ac_173_1": 0.4, "32_ROCHELO_173_1": 0.0, "33_2x_173_1": 1.0, "34_BLONDE_173_1": 0.0, "35_*BIERE_173_1": 0.0, "0_4.90_X51005361883_1": 0.0, "1_TOTAL_X51005361883_1": 0.0, "2_ROUNDING_X51005361883_1": 0.0, "3_0.02_X51005361883_1": 0.0, "4_TOTAL_X51005361883_1": 0.0, "5_TAX_X51005361883_1": 0.0, "6_0.28_X51005361883_1": 0.0, "7_(EX)_X51005361883_1": 0.0, "8_SUB-TOTAL_X51005361883_1": 0.0, "9_4.60_X51005361883_1": 0.0, "10_Qty._X51005361883_1": 0.0, "11_Total_X51005361883_1": 0.0, "12_:_X51005361883_1": 2.0, "13_2_X51005361883_1": 0.0, "14_4.60_X51005361883_1": 0.0, "15_LAMINATE_X51005361883_1": 0.0, "16_FILM_X51005361883_1": 0.0, "17_-_X51005361883_1": 0.0, "18_1_X51005361883_1": 0.0, "19_1.30_X51005361883_1": 0.0, "20_0.00_X51005361883_1": 0.0, "21_1.30_X51005361883_1": 0.0, "22_1_X51005361883_1": 1.0, "23_*_X51005361883_1": 1.0, "24_JIANYU_X51005361883_1": 0.0, "25_30CM_X51005361883_1": 0.5, "26_STELL_X51005361883_1": 0.0, "27_RULER_X51005361883_1": 0.0, "28_THICK_X51005361883_1": 0.0, "29_9557068000035_X51005361883_1": 0.0, "30_1_X51005361883_1": 0.0, "31_3.50_X51005361883_1": 0.25, "32_5.69_X51005361883_1": 0.0, "33_3.30_X51005361883_1": 0.25, "34_*_X51005361883_1": 1.0, "35_(RM)_X51005361883_1": 0.5, "36_QTY_X51005361883_1": 1.0, "37_DISC%_X51005361883_1": 0.0, "38_ITEM_X51005361883_1": 0.0, "39_U/P_X51005361883_1": 1.0, "40_AMOUNT_X51005361883_1": 0.3333333333333333, "0_04/05/2017_397_1": 0.0, "1_003_397_1": 0.0, "2_000090_397_1": 0.16666666666666666, "3_12:25:45_397_1": 0.0, "4_CB_397_1": 0.5, "5_EMV_397_1": 0.6666666666666666, "6_SANS_397_1": 0.0, "7_CONTACT_397_1": 0.0, "8_EUR_397_1": 0.0, "9_11.11\u20ac_397_1": 0.3333333333333333, "10_ARTICLE(S)_397_1": 0.1, "11_TOTAL_397_1": 0.8, "12_A_397_1": 0.0, "13_PAYER_397_1": 0.0, "14_11.11e_397_1": 0.3333333333333333, "15_*VACHE_397_1": 0.3333333333333333, "16_A_397_1": 0.0, "17_BOIRE_397_1": 0.0, "18_VANI_397_1": 0.5, "19_2.07\u20ac_397_1": 0.4, "20_*SAC_397_1": 0.25, "21_ISSE_397_1": 0.25, "22_PAPIER_397_1": 0.0, "23_0.10\u20ac_397_1": 0.4, "24_*PARME_397_1": 0.16666666666666666, "25_TIER_397_1": 0.0, "26_CANARD_397_1": 0.0, "27_4.73\u20ac_397_1": 0.4, "28_*6OUTE_397_1": 0.5, "29_DORE_397_1": 0.0, "30_CACAO_397_1": 0.4, "31_1.22\u20ac_397_1": 0.4, "32_*8XDOS_397_1": 0.16666666666666666, "33_SENSEO_397_1": 0.16666666666666666, "34_CAPP._397_1": 0.2, "35_2.99\u20ac_397_1": 0.4, "0_03/08/2016_117_1": 0.0, "1_18:40:56_117_1": 0.0, "2_000411_117_1": 0.0, "3_0009_117_1": 0.25, "4_004_117_1": 0.3333333333333333, "5_BANCAIRE_117_1": 0.0, "6_EMV_117_1": 0.3333333333333333, "7_EUR_117_1": 0.0, "8_14.50\u20ac_117_1": 0.3333333333333333, "9_CARTE_117_1": 0.0, "10_6_117_1": 0.0, "11_14.50\u20ac_117_1": 0.3333333333333333, "12_(S)_117_1": 0.6666666666666666, "13_TOTAL_117_1": 0.0, "14_A_117_1": 0.0, "15_PAYER_117_1": 0.0, "16_ARTICLE_117_1": 0.0, "17_2.34\u20ac_117_1": 0.6, "18_CONF._117_1": 0.2, "19_X6_117_1": 0.0, "20_RLX_117_1": 0.3333333333333333, "21_P.H_117_1": 0.3333333333333333, "22_0.81\u20ac_117_1": 0.4, "23_LAVANTE_117_1": 0.0, "24_PECH_117_1": 0.25, "25_CREME_117_1": 0.2, "26_4.77\u20ac_117_1": 0.4, "27_CAF.LYO_117_1": 0.14285714285714285, "28_IGP_117_1": 0.6666666666666666, "29_COLOMB_117_1": 0.3333333333333333, "30_2.13\u20ac_117_1": 0.4, "31_THE_117_1": 0.0, "32_MENT_117_1": 0.5, "33_30ST_117_1": 0.25, "34_VERT_117_1": 0.5, "35_3.21\u20ac_117_1": 0.4, "36_2506_117_1": 0.0, "37_TORT_117_1": 0.0, "38_RICOTTA_117_1": 0.0, "39_1.24\u20ac_117_1": 0.4, "40_110_117_1": 0.3333333333333333, "41_MOUCHOIR_117_1": 0.125, "42_CRF._117_1": 0.0, "0_353,320_receipt_00302_0": 0.0, "1_Total_receipt_00302_0": 0.8, "2_32.120_receipt_00302_0": 1.0, "3_Tax_receipt_00302_0": 1.0, "4_28,200_receipt_00302_0": 1.0, "5_Service_receipt_00302_0": 0.42857142857142855, "6_73.000_receipt_00302_0": 1.0, "7_Discount_receipt_00302_0": 0.625, "8_20.00%_receipt_00302_0": 1.0, "9_Subtotal_receipt_00302_0": 0.125, "10_365,000_receipt_00302_0": 1.0, "11_Cotes du_receipt_00302_0": 0.625, "12_2x_receipt_00302_0": 1.0, "13_105,000_receipt_00302_0": 0.0, "14_210.000_receipt_00302_0": 1.0, "15_P J_receipt_00302_0": 1.0, "16_Cha Vire_receipt_00302_0": 0.625, "17_Sls_receipt_00302_0": 1.0, "18_1x_receipt_00302_0": 1.0, "19_155.000_receipt_00302_0": 1.0, "20_155.000_receipt_00302_0": 0.8571428571428571, "21_Dom_receipt_00302_0": 0.6666666666666666, "0_km.._795_0": 0.25, "1_147_795_0": 0.0, "2_.Virsac_795_0": 0.0, "3_Entree_795_0": 0.3333333333333333, "4_tie.._795_0": 0.4, "5_RECU_795_0": 0.0, "6_79360_795_0": 0.0, "7_33_795_0": 2.0, "8_A10_795_0": 0.0, "0_number._X51005306399_0": 0.14285714285714285, "1_Invoice_X51005306399_0": 0.14285714285714285, "2_Receipt_X51005306399_0": 0.0, "3_<<<<<<<_X51005306399_0": 1.0, "4_>>>>>>>_X51005306399_0": 1.1428571428571428, "5_0010_X51005306399_0": 0.75, "6_9010_X51005306399_0": 0.0, "7_5344_X51005306399_0": 0.0, "8_GST_X51005306399_0": 0.3333333333333333, "9_No:_X51005306399_0": 0.3333333333333333, "10_40212008_X51005306399_0": 0.0, "11_03-_X51005306399_0": 0.0, "12_Site_X51005306399_0": 0.0, "13_1066_X51005306399_0": 0.0, "14_53300_X51005306399_0": 0.0, "15_KL_X51005306399_0": 0.0, "16_KLANG_X51005306399_0": 0.0, "17_JLN_X51005306399_0": 0.3333333333333333, "18_GENTING_X51005306399_0": 0.0, "19_Company_X51005306399_0": 0.14285714285714285, "20_No:_X51005306399_0": 0.3333333333333333, "21_TRADING_X51005306399_0": 0.0, "22_Shell_X51005306399_0": 0.0, "23_ISNI_X51005306399_0": 0.25, "24_PETRO_X51005306399_0": 0.0, "0_ _receipt_00421_1": 2.0, "0_Change:_receipt_00251_1": 0.14285714285714285, "1_80,500_receipt_00251_1": 0.16666666666666666, "2_100,000_receipt_00251_1": 0.14285714285714285, "3_Cash:_receipt_00251_1": 0.4, "4_1,773_receipt_00251_1": 0.0, "5_PB1:_receipt_00251_1": 0.75, "6_17,727_receipt_00251_1": 0.0, "7_SubTotal:_receipt_00251_1": 0.3333333333333333, "8_Caudburry_receipt_00251_1": 0.1111111111111111, "9_17,727_receipt_00251_1": 0.16666666666666666, "10_1_receipt_00251_1": 2.0, "0_60.54\u20ac_227_2": 0.3333333333333333, "1_ALINENTAIRE_227_2": 0.2727272727272727, "2_TOTAL_227_2": 0.4, "3_1.36\u20ac_227_2": 0.4, "4_1.64\u20ac_227_2": 0.4, "5_TOMATE_227_2": 0.16666666666666666, "6_GRAPPE_227_2": 0.16666666666666666, "7_1.33\u20ac_227_2": 0.4, "8_BONDUELLE_227_2": 0.0, "9_SALSIFIS_227_2": 0.125, "10_1.43\u20ac_227_2": 0.4, "11_QUENEL_227_2": 0.6666666666666666, "12_VOLAI.PJEAN_227_2": 0.36363636363636365, "13_1.43\u20ac_227_2": 0.4, "14_POMME_227_2": 0.4, "15_ARIANE_227_2": 0.16666666666666666, "16_VRAC_227_2": 0.5, "17_0.67\u20ac_227_2": 0.4, "18_POIREAU_227_2": 0.8571428571428571, "19_VRAC_227_2": 0.5, "20_1.34\u20ac_227_2": 0.4, "21_PETITS_227_2": 0.0, "22_FILOUS_227_2": 0.0, "23_PANA_227_2": 0.0, "24_2.24\u20ac_227_2": 0.4, "25_DEJEUNER_227_2": 0.0, "26_CHO_227_2": 0.0, "27_PETIT_227_2": 0.0, "28_0.99\u20ac_227_2": 0.4, "29_PCE_227_2": 0.0, "30_250G_227_2": 0.25, "31_BETTERAVE_227_2": 0.1111111111111111, "32_1.40\u20ac_227_2": 0.4, "33_PANZANI_227_2": 0.14285714285714285, "34_PATE_227_2": 0.0, "35_2.17\u20ac_227_2": 0.4, "36_CREME_227_2": 0.2, "37_KIRI_227_2": 0.0, "38_X_227_2": 0.0, "39_12_227_2": 0.5, "40_PARIS_227_2": 0.0, "41_2.51\u20ac_227_2": 0.4, "42_JBN_227_2": 0.6666666666666666, "43_CRF_227_2": 0.3333333333333333, "44_6TR._227_2": 0.25, "45_2.84\u20ac_227_2": 0.4, "46_1.42_227_2": 1.0, "47_RAPE_227_2": 0.0, "48_CRF_227_2": 0.6666666666666666, "49_2x_227_2": 1.0, "50_EMMENTAL_227_2": 0.25, "51_4.66_227_2": 0.0, "52_9.32\u20ac_227_2": 0.4, "53_PIZZA_227_2": 0.8, "54_2x_227_2": 1.0, "55_DOLCE_227_2": 0.0, "56_REGINA_227_2": 0.0, "0_CARTE_216_1": 0.0, "1_BANCAIRE_216_1": 0.0, "2_EMV_216_1": 0.0, "3_EUR_216_1": 0.0, "4_12.82\u20ac_216_1": 0.3333333333333333, "5_ARTICLE_216_1": 0.0, "6_(S)_216_1": 1.0, "7_TOTAL_216_1": 0.0, "8_A_216_1": 1.0, "9_PAYER_216_1": 0.0, "10_12.82\u20ac_216_1": 0.3333333333333333, "11_/_216_1": 1.0, "12_/_216_1": 1.0, "13_TOTAL_216_1": 0.0, "14_BEAUTE_216_1": 0.0, "15_SANTE_216_1": 0.0, "16_HYGIENF_216_1": 0.14285714285714285, "17_1.93\u20ac_216_1": 0.4, "18_LON_216_1": 0.3333333333333333, "19_1.93\u20ac_216_1": 0.4, "20_X14_216_1": 0.6666666666666666, "21_SERV_216_1": 0.0, "22_ULTRA_216_1": 0.0, "23_ALINENTAIRE_216_1": 0.09090909090909091, "24_TOTAL_216_1": 0.0, "25_10.89\u20ac_216_1": 0.3333333333333333, "26_*RAISIN_216_1": 0.14285714285714285, "27_SULTANINE_216_1": 0.2222222222222222, "28_1.95\u20ac_216_1": 0.4, "29_4.50\u20ac_216_1": 0.4, "30_*NOIX_216_1": 0.4, "31_G.NATUR_216_1": 0.8571428571428571, "32_CAUOU_216_1": 1.0, "33_2.45\u20ac_216_1": 0.4, "34_BEURRE_216_1": 0.0, "35_DOUX_216_1": 0.5, "36_**_216_1": 1.0, "37_1KG_216_1": 0.3333333333333333, "38_SUCR.CANNE_216_1": 0.2, "39_MCX_216_1": 1.0, "0_VISITE_662_1": 0.16666666666666666, "1_VOTRE_662_1": 0.0, "2_MERCI_662_1": 0.2, "3_DE_662_1": 0.0, "4_5.68_662_1": 0.0, "5_5.38_662_1": 0.0, "6_0.30_662_1": 0.0, "7_2_662_1": 0.0, "8_5850_662_1": 0.25, "9_TTC_662_1": 0.6666666666666666, "10_HT_662_1": 0.5, "11_TVA_662_1": 0.6666666666666666, "12_Code_662_1": 0.0, "13_0.00_662_1": 0.0, "14_Rendu_662_1": 0.2, "15_5.68_662_1": 0.0, "16_CB_662_1": 0.5, "17_1_662_1": 0.0, "18_article_662_1": 0.0, "19_5.68_662_1": 0.25, "20_Total_662_1": 0.0, "21_5.68_662_1": 0.0, "22_2_662_1": 0.0, "23_MULET_662_1": 0.2, "24_TTC_662_1": 1.0, "25_TVA_662_1": 0.6666666666666666, "0_6,500_receipt_00522_1": 0.0, "1_CHANGE_receipt_00522_1": 0.16666666666666666, "2_70,000_receipt_00522_1": 0.0, "3_CASH_receipt_00522_1": 0.25, "4_63,500_receipt_00522_1": 0.0, "5_GRAND_receipt_00522_1": 0.2, "6_TOTAL_receipt_00522_1": 0.0, "0_15.000_receipt_00457_1": 0.0, "1_Total_receipt_00457_1": 0.0, "2_Subtotal_receipt_00457_1": 0.0, "3_15.000_receipt_00457_1": 0.0, "4_1x_receipt_00457_1": 0.5, "5_@15.000_receipt_00457_1": 0.0, "6_15.000_receipt_00457_1": 0.0, "7_Es_receipt_00457_1": 0.0, "8_Susu_receipt_00457_1": 0.0, "0_2,00_719_1": 0.0, "1_3,40_719_1": 0.0, "2_X_719_1": 0.0, "3_categorie_719_1": 0.0, "4_*Bulbes_719_1": 0.14285714285714285, "5_A_719_1": 0.0, "6_6,80_719_1": 0.0, "7_*Azal{e_719_1": 0.14285714285714285, "8_japonaise_719_1": 0.0, "9_17,50_719_1": 0.0, "10_6,00_719_1": 0.25, "11_3,50_719_1": 0.0, "12_X_719_1": 0.0, "13_(godet_719_1": 0.0, "14_rouge)._719_1": 0.0, "15_*Vivace_719_1": 0.0, "16_21,00_719_1": 0.0, "17_4,00_719_1": 0.0, "18_2,00_719_1": 0.0, "19_X_719_1": 0.0, "20_*Vivace_719_1": 0.0, "21_8,00_719_1": 0.0, "22_8,00_719_1": 0.25, "23_2,95_719_1": 0.5, "24_X_719_1": 0.0, "25_(godet_719_1": 0.0, "26_*Vivace_719_1": 0.0, "27_noir)_719_1": 0.0, "28_23,60_719_1": 0.0, "29_*Terreau_719_1": 0.0, "30_Bio_719_1": 0.3333333333333333, "31_Actif_719_1": 0.0, "32_10,50_719_1": 0.0, "33_40L_719_1": 0.3333333333333333, "34_Secret_719_1": 0.0, "35_87,40_719_1": 0.0, "36_MANON_719_1": 0.0, "37_Caisse:2_719_1": 0.0, "38_Ore:Marie_719_1": 0.1111111111111111, "0_MERCI_163_2": 0.0, "1_DE_163_2": 0.0, "2_VOTRE_163_2": 0.0, "3_VISITE_163_2": 0.0, "4_0007_163_2": 0.0, "5_002_163_2": 0.0, "6_13/12/2016_163_2": 0.0, "7_000086_163_2": 0.0, "8_15:29:33_163_2": 0.0, "9_produits_163_2": 0.0, "10_5_163_2": 0.0, "11_%_163_2": 0.0, "12_Carrefo_163_2": 0.0, "13_0.03\u20ac_163_2": 0.4, "0_A_755_1": 0.0, "1_EUR_755_1": 0.0, "2_RENDRE_755_1": 0.0, "3_0,00_755_1": 0.25, "4_Bancaire_755_1": 0.0, "5_VP_755_1": 0.0, "6_EUR_755_1": 0.0, "7_Carte_755_1": 0.0, "8_24,60_755_1": 0.2, "9_24,60_755_1": 0.0, "10_TOT_755_1": 1.0, "11_EUR*_755_1": 0.25, "12_NOI_755_1": 0.3333333333333333, "13_4,90_755_1": 0.25, "14_COLLANT_755_1": 0.0, "15_T2_755_1": 0.0, "16_NOI_755_1": 0.3333333333333333, "17_4,90_755_1": 0.25, "18_T2_755_1": 0.5, "19_COLLANT_755_1": 1.0, "20_COLOR&SHOCK_755_1": 0.09090909090909091, "21_9,90_755_1": 0.25, "22_RAL_755_1": 0.0, "23_30_755_1": 0.0, "24_GE_755_1": 0.0, "25_20_755_1": 0.0, "26_2,45_755_1": 1.0, "27_COLLANT_755_1": 0.0, "28_D_755_1": 1.0, "29_COLLANT_755_1": 0.0, "30_GE_755_1": 0.0, "31_20_755_1": 0.0, "32_D_755_1": 1.0, "33_2,45_755_1": 0.25, "34_EUR_755_1": 0.0, "0_Vignette(s)_252_4": 0.0, "1_par_252_4": 0.0, "2_operation_252_4": 0.0, "3_Bravo_252_4": 0.0, "4_cumule_252_4": 0.0, "5_vous_252_4": 0.0, "6_avez_252_4": 0.0, "7_4.0_252_4": 0.0, "0_BIENTOT_47_2": 0.0, "1_MERCI_47_2": 0.0, "2_DE_47_2": 0.0, "3_VOTRE_47_2": 0.0, "4_VISITE_47_2": 0.0, "5_0003_47_2": 0.0, "6_002_47_2": 0.0, "7_000401_47_2": 0.5, "8_17/02/2017_47_2": 0.0, "9_19:33:19_47_2": 0.0, "0_Subtotal_receipt_00163_0": 0.0, "1_12.000_receipt_00163_0": 0.0, "2_1x_receipt_00163_0": 0.5, "3_12.000_receipt_00163_0": 0.0, "4_12.000_receipt_00163_0": 0.0, "5_Arem_receipt_00163_0": 0.25, "6_Arem_receipt_00163_0": 0.0, "0_A_409_2": 0.0, "1_BIENTOT_409_2": 0.0, "0_MERCI_75_1": 0.0, "1_DE_75_1": 0.0, "2_VOTRE_75_1": 0.0, "3_VISITE_75_1": 0.0, "4_08/12/2016_75_1": 0.1, "5_0004_75_1": 0.0, "6_004_75_1": 0.3333333333333333, "7_000552_75_1": 0.0, "8_19:15:09_75_1": 0.125, "9_CARTE_75_1": 0.0, "10_BANCAIRE_75_1": 0.0, "11_EMV_75_1": 0.0, "12_EUR_75_1": 0.0, "13_8.15\u20ac_75_1": 0.4, "14_(S)_75_1": 0.6666666666666666, "15_5_75_1": 0.0, "16_ARTICLE_75_1": 0.0, "17_TOTAL_75_1": 0.0, "18_A_75_1": 0.0, "19_PAYER_75_1": 0.0, "20_8.15\u20ac_75_1": 0.4, "21_2.45\u20ac_75_1": 0.4, "22_*POELEE_75_1": 0.14285714285714285, "23_LEGUME_75_1": 0.3333333333333333, "24_BIO_75_1": 0.3333333333333333, "25_*P._75_1": 0.6666666666666666, "26_SANDW.CEREAL.CRF_75_1": 0.1875, "27_2x_75_1": 1.0, "28_2.80\u20ac_75_1": 0.4, "29_1.40_75_1": 0.0, "30_KRISPROLL.S/S_75_1": 0.0, "31_*2256_75_1": 0.4, "32_2x_75_1": 0.5, "33_1.45_75_1": 0.0, "34_2.90\u20ac_75_1": 0.4, "0_:_708_0": 1.0, "1_TEL_708_0": 0.0, "2_AIGREFEUILLE_708_0": 0.0, "3_17290_708_0": 0.0, "4_DE_708_0": 0.0, "5_LA_708_0": 0.0, "6_RENAISSANCE_708_0": 0.0, "7_PLACE_708_0": 0.0, "8_SAS_708_0": 0.0, "9_SAPAGE_708_0": 0.0, "10_CAP:56000E_708_0": 0.2, "0_MERCI_323_1": 0.0, "1_DE_323_1": 0.5, "2_VOTRE_323_1": 0.0, "3_VISITE_323_1": 0.0, "4_003_323_1": 0.0, "5_000012_323_1": 0.16666666666666666, "6_22/06/2017_323_1": 0.0, "7_11:47:35_323_1": 0.0, "8_SANS_323_1": 0.75, "9_CONTACT_323_1": 0.14285714285714285, "10_EUR_323_1": 1.0, "11_8.64\u20ac_323_1": 0.6, "12_ATICLE(S)_323_1": 0.1111111111111111, "13_TOTAL_323_1": 0.8, "14_A_323_1": 0.0, "15_PAYER_323_1": 0.0, "16_8.64\u20ac_323_1": 0.6, "17_*URAP_323_1": 0.4, "18_OULET_323_1": 0.6, "19_CURRY_323_1": 0.0, "20_3.80\u20ac_323_1": 0.6, "21_XUACHE_323_1": 0.3333333333333333, "22_BOIRE_323_1": 0.2, "23_VANI_323_1": 0.5, "24_A_323_1": 1.0, "25_2.07\u20ac_323_1": 0.4, "26_*180G_323_1": 0.4, "27_IUINOA_323_1": 0.6666666666666666, "28_BOULG_323_1": 0.4, "29_2.77\u20ac_323_1": 0.4, "30_DESCRIPTION_323_1": 0.6363636363636364, "31_QTE_323_1": 0.0, "32_MONTANT_323_1": 0.14285714285714285, "0_10,78_791_2": 0.0, "1_9,70_791_2": 0.25, "2_1,08_791_2": 0.25, "3_TOTAL_791_2": 0.0, "4_TVA_791_2": 0.3333333333333333, "5_3,74_791_2": 0.25, "6_0,75_791_2": 0.5, "7_B_791_2": 0.0, "8_20,00%_791_2": 0.16666666666666666, "9_4,49_791_2": 0.25, "10_5,50%_791_2": 0.2, "11_A_791_2": 0.0, "12_5,96_791_2": 0.0, "13_0,33_791_2": 0.5, "14_6,29_791_2": 0.0, "15_MT._791_2": 1.0, "16_MT._791_2": 0.0, "17_CODE_791_2": 0.0, "18_MT._791_2": 0.0, "19_TVA_791_2": 0.0, "20_TTC_791_2": 0.0, "21_TVA_791_2": 0.0, "22_NT_791_2": 0.5, "23_TVA_791_2": 0.3333333333333333, "24_-9,22_791_2": 0.2, "25_ESPECES_791_2": 0.0, "26_EUR_791_2": 0.0, "27_9,22_791_2": 0.25, "28_A_791_2": 0.0, "29_RENDRE_791_2": 0.0, "30_EUR_791_2": 0.0, "31_6,29_791_2": 0.25, "32_ELIGIBLE_791_2": 0.0, "33_EUR_791_2": 0.0, "34_TOTAL_791_2": 0.0, "35_TRD_791_2": 0.0, "36_d'articles_791_2": 0.0, "37_vendus=_791_2": 0.14285714285714285, "38_5_791_2": 1.0, "39_Nombre_791_2": 0.0, "0_CARTE_625_1": 0.0, "1_BANCAIRE_625_1": 0.125, "2_EUR_625_1": 0.0, "3_46.44_625_1": 0.0, "4_\u20ac_625_1": 0.0, "5_Article(s)_625_1": 0.0, "6_TOTAL_625_1": 0.0, "7_16_625_1": 0.0, "8_46,44_625_1": 0.2, "9_TORTILLA_625_1": 0.0, "10_AUX_625_1": 1.0, "11_OIGNONS_625_1": 0.2857142857142857, "12_500GR_625_1": 0.2, "13_3,99_625_1": 0.5, "14_\u20ac_625_1": 0.0, "15_TIELLE_625_1": 0.16666666666666666, "16_SETOISE_625_1": 0.0, "17_2,19_625_1": 0.75, "18_\u20ac_625_1": 1.0, "19_BRANDADE_625_1": 0.0, "20_BOITE_625_1": 0.0, "21_108GRA_625_1": 0.16666666666666666, "22_190GX2_625_1": 0.3333333333333333, "23_6,99_625_1": 0.25, "24_\u20ac_625_1": 2.0, "25_>>>>_625_1": 0.0, "26_BLEU_625_1": 0.0, "27_DE_625_1": 0.0, "28_CHEVRE_625_1": 0.0, "29_PAST.26%_625_1": 0.125, "30_JUSSAC_625_1": 0.8333333333333334, "31_2,03_625_1": 0.25, "32_\u20ac_625_1": 0.0, "33_TONME_625_1": 0.2, "34_SAVOIE_625_1": 0.16666666666666666, "35_IGP_625_1": 1.0, "36_CRU29%USAV_625_1": 0.2, "37_LT_625_1": 1.0, "38_3,45_625_1": 0.25, "39_\u20ac_625_1": 0.0, "40_HORBIER_625_1": 0.0, "41_AOP_625_1": 0.3333333333333333, "42_LT_625_1": 1.0, "43_29%_625_1": 0.0, "44_3,79_625_1": 0.5, "45_CRU_625_1": 0.0, "46_MG_625_1": 1.0, "47_\u20ac_625_1": 0.0, "48_BRIE_625_1": 0.0, "49_LT.PAST.31,88MG_625_1": 0.3333333333333333, "50_ROITELET_625_1": 0.0, "51_3,96_625_1": 0.25, "52_\u20ac_625_1": 0.0, "53_>>>_625_1": 0.3333333333333333, "54_FROMAGE_625_1": 0.0, "55_A_625_1": 0.0, "56_LA_625_1": 0.5, "57_COUPE_625_1": 0.0, "58_PAIN_625_1": 0.5, "59_BATARD_625_1": 0.0, "60_CEREALES_625_1": 0.0, "61_SELECT*_625_1": 0.14285714285714285, "62_1,60_625_1": 0.25, "63_\u20ac_625_1": 0.0, "64_>>>>_625_1": 0.0, "65_BUP_625_1": 0.0, "66_CHIPS_625_1": 0.0, "67_SAV.CHEVRE_625_1": 0.3, "68_BRETS_625_1": 0.0, "69_1256_625_1": 0.0, "70_1,27_625_1": 0.5, "71_\u20ac_625_1": 1.0, "72_STICKS&BRETZELS_625_1": 0.06666666666666667, "73_DR_625_1": 0.0, "74_OETKER_625_1": 0.0, "75_137G_625_1": 0.25, "76_1,40_625_1": 0.25, "77_\u20ac_625_1": 0.0, "78_CHIPS_625_1": 0.0, "79_1,78_625_1": 0.25, "80_\u20ac_625_1": 0.0, "81_BOISSON_625_1": 0.2857142857142857, "82_BIO_625_1": 0.0, "83_AMANDE_625_1": 0.16666666666666666, "84_2,20_625_1": 0.25, "85_U_625_1": 2.0, "86_BIO_625_1": 0.3333333333333333, "87_1L_625_1": 0.5, "88_\u20ac_625_1": 0.0, "0_010/408_668_3": 0.0, "1_10/05/2017_668_3": 0.0, "2_N000339_668_3": 0.42857142857142855, "3_11:50:45_668_3": 0.0, "4_CARTE_668_3": 0.0, "5_BANCAIRE_668_3": 0.0, "6_EUR_668_3": 0.0, "7_75.06\u20ac_668_3": 0.3333333333333333, "8_(_668_3": 0.0, "9_TOTAL_668_3": 0.8, "10_32)_668_3": 0.0, "11_75.06\u20ac_668_3": 0.16666666666666666, "12_=_668_3": 0.0, "13_(_668_3": 0.0, "14_32)_668_3": 0.0, "15_Sous-Total_668_3": 0.0, "16_75.06\u20ac_668_3": 0.3333333333333333, "17_PORC_668_3": 0.0, "18_X6_668_3": 0.0, "19_FILET_668_3": 0.0, "20_5.63\u20ac_668_3": 0.4, "21_12.96_668_3": 0.0, "22_BOEUF_668_3": 0.0, "23_X1_668_3": 0.5, "24_ROTI*_668_3": 0.0, "25_BOUCHERIE_668_3": 0.0, "26_>>_668_3": 0.0, "27_NOIX_668_3": 0.25, "28_DE_668_3": 0.0, "29_COCO_668_3": 1.0, "30_150G_668_3": 0.25, "31_2.25\u20ac_668_3": 0.4, "32_ANANAS_668_3": 0.0, "33_ENTIER_668_3": 0.0, "34_400G_668_3": 0.25, "35_3.99\u20ac_668_3": 0.4, "36_1_668_3": 1.0, "37_VIOLET_668_3": 0.0, "38_AIL_668_3": 0.3333333333333333, "39_TUBE_668_3": 0.0, "40_TE_668_3": 0.0, "41_1.25\u20ac_668_3": 0.4, "0_PPN=_receipt_00472_1": 1.0, "1_282_receipt_00472_1": 0.0, "2_KEMBALI_receipt_00472_1": 0.5714285714285714, "3_1,900_receipt_00472_1": 1.0, "4_5,000_receipt_00472_1": 1.0, "5_TUNAI_receipt_00472_1": 0.6, "6_TOTAL_receipt_00472_1": 1.0, "7_3,100_receipt_00472_1": 1.0, "8_3,100_receipt_00472_1": 0.4, "9_HARGA_receipt_00472_1": 0.4, "10_JUAL_receipt_00472_1": 0.5, "0_ _receipt_00780_0": 2.0, "0_jeton(s)_496_3": 0.0, "1_offert(s)._496_3": 0.0, "2_GRAND_496_3": 0.0, "3_JEU_496_3": 0.0, "4_ANNIVERSAIRE_496_3": 0.0, "5_4.0_496_3": 0.0, "6_A_496_3": 1.0, "7_BIENTOT_496_3": 0.0, "0_CASH_receipt_00726_1": 0.0, "1_100,000_receipt_00726_1": 0.0, "2_CASH_receipt_00726_1": 0.0, "3_100,000_receipt_00726_1": 0.0, "0_8,000_receipt_00371_1": 0.0, "1_CHANGE:_receipt_00371_1": 0.14285714285714285, "2_50,000_receipt_00371_1": 0.0, "3_Cash:_receipt_00371_1": 0.0, "4_42,000_receipt_00371_1": 0.16666666666666666, "5_Total:_receipt_00371_1": 0.0, "6_42,000_receipt_00371_1": 0.0, "7_Subtotal:_receipt_00371_1": 0.0, "8_0_receipt_00371_1": 2.0, "9_PB1:_receipt_00371_1": 0.25, "0_25,975_receipt_00306_0": 0.16666666666666666, "1_Subtotal_receipt_00306_0": 0.0, "2_GREENTEA_receipt_00306_0": 0.125, "3_JASMINE_receipt_00306_0": 0.42857142857142855, "4_ICE_receipt_00306_0": 0.6666666666666666, "5_SWEET_receipt_00306_0": 0.2, "6_DOSIRAK_receipt_00306_0": 0.14285714285714285, "7_1_receipt_00306_0": 1.0, "8_PAKET_receipt_00306_0": 0.2, "9_25,975_receipt_00306_0": 0.3333333333333333, "10_25,975_receipt_00306_0": 0.5, "11_DOSIRAK_receipt_00306_0": 0.0, "12_1_receipt_00306_0": 1.0, "13_1_receipt_00306_0": 1.0, "14_PAKET_receipt_00306_0": 0.2, "0_25,000_receipt_00559_1": 0.16666666666666666, "1_cash:_receipt_00559_1": 0.0, "2_2,273_receipt_00559_1": 0.2, "3_PB1:_receipt_00559_1": 0.25, "4_22,727_receipt_00559_1": 0.16666666666666666, "5_Subtotal:_receipt_00559_1": 0.1111111111111111, "6_Egg_receipt_00559_1": 0.0, "7_22,727_receipt_00559_1": 0.5, "8_1_receipt_00559_1": 1.0, "9_Salted_receipt_00559_1": 0.0, "10_Chicken_receipt_00559_1": 0.0, "0_DESCRIPTION_364_0": 0.09090909090909091, "1_QTE_364_0": 0.6666666666666666, "2_MONTANT_364_0": 0.14285714285714285, "3_:_364_0": 2.0, "4_Tel_364_0": 0.0, "5_17000_364_0": 0.0, "6_ROCHELLE_364_0": 0.0, "7_LA_364_0": 0.5, "8_33_364_0": 0.0, "9_RUE_364_0": 0.0, "10_DE_364_0": 0.0, "11_SCIERIE_364_0": 0.0, "12_LA_364_0": 1.0, "13_CRF-CITY_364_0": 0.875, "14_ROCHELLE_364_0": 0.0, "15_LA_364_0": 0.5, "0_100%_receipt_00740_0": 0.0, "1_32,000_receipt_00740_0": 0.16666666666666666, "2_@32,000_receipt_00740_0": 0.14285714285714285, "3_M-Konjac_receipt_00740_0": 0.0, "4_Milk_receipt_00740_0": 0.0, "5_Tea_receipt_00740_0": 0.0, "6_1X_receipt_00740_0": 1.0, "7_No_receipt_00740_0": 0.5, "8_Ice_receipt_00740_0": 0.3333333333333333, "9_70%_receipt_00740_0": 0.0, "10_62,000_receipt_00740_0": 0.6666666666666666, "11_@31,000_receipt_00740_0": 0.14285714285714285, "12_Macchiat_receipt_00740_0": 0.125, "13_M-Ovaltine_receipt_00740_0": 0.2, "14_2X_receipt_00740_0": 1.0, "0_1.100kg_191_2": 0.14285714285714285, "1_x_191_2": 1.0, "2_2.15\u20ac/kg_191_2": 0.0, "3_*POMMES_191_2": 0.42857142857142855, "4_GRANNY_191_2": 0.0, "5_2.37\u20ac_191_2": 0.4, "6_*POIVRON_191_2": 0.25, "7_BICOLORE_191_2": 0.0, "8_SCH_191_2": 0.0, "9_0.99\u20ac_191_2": 0.4, "10_*POIRE_191_2": 0.0, "11_CONF_191_2": 0.0, "12_BQ_191_2": 0.5, "13_1KG_191_2": 0.6666666666666666, "14_1.70\u20ac_191_2": 0.4, "15_0.3665_191_2": 0.0, "16_x_191_2": 2.0, "17_9.25\u20ac_191_2": 0.4, "18_*PC_191_2": 0.6666666666666666, "19_BQ_191_2": 0.5, "20_SAUTE_191_2": 0.0, "21_400G_191_2": 0.25, "22_3.39\u20ac_191_2": 0.4, "23_*PATE_191_2": 0.2, "24_BRISEE_191_2": 0.0, "25_ETALEE_191_2": 0.0, "26_0.74\u20ac_191_2": 0.4, "27_0.215kg_191_2": 0.0, "28_0.99\u20ac/kg_191_2": 0.25, "29_x_191_2": 1.0, "30_*OIGNON_191_2": 0.2857142857142857, "31_JAUNE_191_2": 0.0, "32_0.21\u20ac_191_2": 0.4, "33_*LOT_191_2": 1.0, "34_KIWIS_191_2": 0.2, "35_2.00\u20ac_191_2": 0.4, "36_5_191_2": 1.0, "37_*LARDON.FUM.CRF_191_2": 0.2, "38_X2_191_2": 0.5, "39_1.57\u20ac_191_2": 0.4, "40_*KAKI_191_2": 0.2, "41_PIECE_191_2": 0.0, "42_0.75_191_2": 0.25, "43_3.00\u20ac_191_2": 0.4, "44_4x_191_2": 1.0, "45_*GRANA_191_2": 0.16666666666666666, "46_PADANO_191_2": 0.16666666666666666, "47_RAPE_191_2": 0.0, "48_1.74\u20ac_191_2": 0.4, "49_*GOUDA_191_2": 0.16666666666666666, "50_CUMIN_191_2": 0.0, "51_200-30_191_2": 0.0, "52_3.81\u20ac_191_2": 0.4, "53_*FRUITS_191_2": 0.2857142857142857, "54_ET_191_2": 1.0, "55_LEGUMES_191_2": 0.0, "56_0.99\u20ac_191_2": 0.4, "0_A_149_2": 0.0, "1_BIENTOT_149_2": 0.0, "2_MERCI_149_2": 0.0, "3_DE_149_2": 0.0, "4_VOTRE_149_2": 0.0, "5_VISITE_149_2": 0.0, "6_0004_149_2": 0.0, "7_003_149_2": 0.0, "8_000106_149_2": 0.0, "9_28/10/2015_149_2": 0.0, "10_18:32:14_149_2": 0.0, "11_CARTE_149_2": 0.0, "12_BANCAIRE_149_2": 0.0, "13_EMV_149_2": 0.3333333333333333, "14_EUR_149_2": 0.0, "15_25.19\u20ac_149_2": 0.3333333333333333, "16_ARTICLE(S)_149_2": 0.2, "17_14_149_2": 1.0, "18_TOTAL_149_2": 0.0, "19_A_149_2": 0.0, "20_PAYER_149_2": 0.0, "21_25.19\u20ac_149_2": 0.3333333333333333, "0_ _receipt_00455_0": 6.0, "0_ _receipt_00307_0": 3.0, "0_ET_188_1": 0.0, "1_A_188_1": 0.0, "2_BIENTOT_188_1": 0.0, "3_MERCI_188_1": 0.0, "4_DE_188_1": 0.0, "5_VOTRE_188_1": 0.0, "6_VISITE_188_1": 0.0, "7_0001_188_1": 0.0, "8_003_188_1": 0.0, "9_04/02/2017_188_1": 0.0, "10_000470_188_1": 0.16666666666666666, "11_20:02:02_188_1": 0.0, "12_CARTE_188_1": 0.0, "13_BANCAIRE_188_1": 0.0, "14_EMV_188_1": 0.0, "15_EUR_188_1": 0.0, "16_10.98\u20ac_188_1": 0.3333333333333333, "17_(S)_188_1": 1.0, "18_3_188_1": 0.0, "19_ARTICLE_188_1": 0.0, "20_TOTAL_188_1": 0.0, "21_A_188_1": 0.0, "22_PAYER_188_1": 0.0, "23_10.98\u20ac_188_1": 0.3333333333333333, "24_*BAGUETTE_188_1": 0.0, "25_0.80\u20ac_188_1": 0.4, "26_*12_188_1": 0.3333333333333333, "27_RLX_188_1": 0.0, "28_P.HY.3P_188_1": 0.0, "29_CRF_188_1": 0.0, "30_4.39\u20ac_188_1": 0.2, "31_*10L_188_1": 0.0, "32_HYGIENE_188_1": 0.0, "33_PLUS_188_1": 0.0, "34_C_188_1": 1.0, "35_5.79\u20ac_188_1": 0.4, "0_\u20ac12,10_660_1": 0.3333333333333333, "1_Total_660_1": 0.0, "2_Comme_660_1": 0.0, "3_C'est_660_1": 0.4, "4_Glace_660_1": 0.0, "5_(40cl)_660_1": 0.3333333333333333, "6_SPRITE_660_1": 0.0, "7_MOYEN_660_1": 0.0, "8_Aigre_660_1": 0.2, "9_Avec_660_1": 0.0, "10_Sauce_660_1": 0.0, "11_Douce_660_1": 0.0, "12_ONION_660_1": 0.0, "13_RINGS_660_1": 0.0, "14_DOUBLE_660_1": 0.0, "15_WHOPPERO_660_1": 0.125, "16_BBQ_660_1": 0.3333333333333333, "17_\u20ac8,90_660_1": 0.2, "18_MENU_660_1": 0.0, "19_WHOPPERO_660_1": 0.375, "20_BBQ_660_1": 0.0, "21_DOUBLE_660_1": 0.5, "22_BOUNTYO_660_1": 0.14285714285714285, "23_Comme_660_1": 0.0, "24_C'est_660_1": 0.2, "25_Sauce_660_1": 0.0, "26_BOUNTYO_660_1": 0.14285714285714285, "27_Comme_660_1": 0.0, "28_C'est_660_1": 0.4, "29_Eclats_660_1": 0.0, "30_\u20ac3,20_660_1": 0.2, "31_X-CREAMO_660_1": 0.375, "32_BOUNTY(r)_660_1": 0.3333333333333333, "33_Description_660_1": 0.0, "34_Prix_660_1": 0.0, "35_Qte_660_1": 0.3333333333333333, "0_TOTAL_receipt_00107_1": 0.2, "1_QTY_receipt_00107_1": 1.3333333333333333, "2_2_receipt_00107_1": 1.0, "3_ITEM_receipt_00107_1": 0.0, "4_2_receipt_00107_1": 2.0, "5_PCS_receipt_00107_1": 0.0, "6_CASH_receipt_00107_1": 0.25, "7_52,000_receipt_00107_1": 0.0, "8_DUE_receipt_00107_1": 0.3333333333333333, "9_22,000_receipt_00107_1": 0.0, "10_SUBTOTAL_receipt_00107_1": 0.125, "11_22,000_receipt_00107_1": 0.0, "12_1_receipt_00107_1": 1.0, "13_Mamamia_receipt_00107_1": 0.14285714285714285, "14_12,500_receipt_00107_1": 0.0, "15_1_receipt_00107_1": 1.0, "16_9,500_receipt_00107_1": 0.2, "0_CHANGE_receipt_00450_1": 0.0, "1_0_receipt_00450_1": 0.0, "2_CASH_receipt_00450_1": 0.25, "3_21,000_receipt_00450_1": 0.0, "4_TOTAL_receipt_00450_1": 0.0, "5_21,000_receipt_00450_1": 0.0, "0_Rp_receipt_00048_2": 0.5, "1_Change_receipt_00048_2": 0.16666666666666666, "2_26.550_receipt_00048_2": 0.16666666666666666, "3_Rp_receipt_00048_2": 0.5, "4_Cash_receipt_00048_2": 0.25, "5_100.000_receipt_00048_2": 0.0, "6_Rp_receipt_00048_2": 0.0, "7_Total_receipt_00048_2": 0.2, "8_73.450_receipt_00048_2": 0.3333333333333333, "0_CASH_receipt_00759_1": 0.0, "1_6_receipt_00759_1": 0.0, "2_100000_receipt_00759_1": 0.0, "3_1_receipt_00759_1": 0.0, "4_17500_receipt_00759_1": 0.0, "5_17500_receipt_00759_1": 0.0, "6_PREMIUM_receipt_00759_1": 0.0, "7_MILK_receipt_00759_1": 0.0, "8_PAN_receipt_00759_1": 0.0, "9_BREAD_receipt_00759_1": 0.0, "10_1_receipt_00759_1": 0.0, "11_9500_receipt_00759_1": 0.0, "12_9500_receipt_00759_1": 0.0, "13_KAYA_receipt_00759_1": 0.0, "14_BUN_receipt_00759_1": 0.0, "15_1_receipt_00759_1": 0.0, "16_9000_receipt_00759_1": 0.0, "17_9000_receipt_00759_1": 0.0, "18_REDBEAN_receipt_00759_1": 0.0, "19_BREAD_receipt_00759_1": 0.0, "20_1_receipt_00759_1": 0.0, "21_10000_receipt_00759_1": 0.0, "22_10000_receipt_00759_1": 0.0, "23_[MD]_receipt_00759_1": 0.25, "24_SOFT_receipt_00759_1": 0.0, "25_STEAMED_receipt_00759_1": 0.0, "26_CHOCOCAKE_receipt_00759_1": 0.0, "27_1_receipt_00759_1": 0.0, "28_9000_receipt_00759_1": 0.0, "29_9000_receipt_00759_1": 0.0, "30_MILK_receipt_00759_1": 0.0, "31_PASTRY_receipt_00759_1": 0.0, "32_ROLL_receipt_00759_1": 0.0, "0_A_281_1": 0.0, "1_BIENTOT_281_1": 0.0, "2_MERCI_281_1": 0.0, "3_DE_281_1": 0.0, "4_VOTRE_281_1": 0.0, "5_VISITE_281_1": 0.0, "6_0002_281_1": 0.0, "7_22/06/2017_281_1": 0.0, "8_002_281_1": 0.0, "9_000036_281_1": 0.0, "10_07:42:58_281_1": 0.0, "11_SANS_281_1": 0.0, "12_CONTACT_281_1": 0.0, "13_CB_281_1": 0.0, "14_EMV_281_1": 0.3333333333333333, "15_EUR_281_1": 0.0, "16_6.24\u20ac_281_1": 0.4, "17_(S)_281_1": 0.3333333333333333, "18_6.24\u20ac_281_1": 0.4, "19_ARTICLE_281_1": 0.0, "20_TOTAL_281_1": 0.0, "21_PAYER_281_1": 0.0, "22_2_281_1": 0.0, "23_A_281_1": 0.0, "24_*GDS_281_1": 0.25, "25_SAUC_281_1": 0.25, "26_MOUTRD_281_1": 0.16666666666666666, "27_AN_281_1": 0.0, "28_3.64\u20ac_281_1": 0.4, "29_X4_281_1": 0.5, "30_*CHOCOLATINE_281_1": 0.0, "31_2.60\u20ac_281_1": 0.4, "0_BIENTOT_64_2": 0.0, "1_MERCI_64_2": 0.0, "2_DE_64_2": 0.0, "3_VOTRE_64_2": 0.0, "4_VISITE_64_2": 0.0, "5_003_64_2": 0.0, "6_000486_64_2": 0.0, "7_09/01/2017_64_2": 0.0, "8_20:16:45_64_2": 0.0, "9_CARTE_64_2": 0.0, "10_BANCAIRE_64_2": 0.0, "11_EMV_64_2": 0.0, "12_EUR_64_2": 0.0, "13_18.63\u20ac_64_2": 0.3333333333333333, "14_TOTAL._64_2": 0.16666666666666666, "15_15_64_2": 0.0, "16_A:TICLE(S)_64_2": 0.1, "17_A_64_2": 0.0, "18_PAYER_64_2": 0.0, "19_18.63\u20ac_64_2": 0.3333333333333333, "0_MERCI_313_1": 0.0, "1_DE_313_1": 0.0, "2_VOTRE_313_1": 0.0, "3_VISITE_313_1": 0.0, "4_0_313_1": 0.0, "5_10_313_1": 0.0, "6_003_313_1": 0.0, "7_000048_313_1": 0.0, "8_27/06/2017_313_1": 0.1, "9_11:50:47_313_1": 0.125, "10_Votre_313_1": 0.0, "11_Monnaie_313_1": 0.0, "12_-14.34\u20ac_313_1": 0.2857142857142857, "13_ESPECES_313_1": 0.0, "14_EUR_313_1": 0.0, "15_20.00\u20ac_313_1": 0.3333333333333333, "16_ATICLE(S)_313_1": 0.2222222222222222, "17_2_313_1": 1.0, "18_TOTAL_313_1": 0.0, "19_A_313_1": 0.0, "20_PAYER_313_1": 0.0, "21_5.66\u20ac_313_1": 0.4, "22_*PARHEI_313_1": 0.5714285714285714, "23_TIER_313_1": 0.0, "24_CANARD_313_1": 0.0, "25_4.73\u20ac_313_1": 0.6, "26_*DESS._313_1": 1.0, "27_OKHES_313_1": 0.2, "28_CRF_313_1": 0.6666666666666666, "29_0.93e_313_1": 0.8, "0_A_545_2": 0.0, "1_BIENTOT_545_2": 0.0, "2_DE_545_2": 0.0, "3_VOTRE_545_2": 0.0, "4_VISITE_545_2": 0.0, "5_MERCI_545_2": 0.0, "6_0001_545_2": 0.25, "7_09/01/2017_545_2": 0.0, "8_12:56:22_545_2": 0.0, "9_005_545_2": 0.3333333333333333, "10_000105_545_2": 0.16666666666666666, "11_:_545_2": 2.0, "12_Carte_545_2": 0.0, "0_0_receipt_00415_1": 0.0, "1_DUE_receipt_00415_1": 0.0, "2_CHANGE_receipt_00415_1": 0.0, "3_28,000_receipt_00415_1": 0.0, "4_28,000_receipt_00415_1": 0.0, "5_28,000_receipt_00415_1": 0.0, "6_TOTAL_receipt_00415_1": 0.0, "7_SUB_receipt_00415_1": 0.3333333333333333, "8_28,000_receipt_00415_1": 0.0, "9_28,000_receipt_00415_1": 0.0, "10_1_receipt_00415_1": 1.0, "0_QTE_79_0": 1.0, "1_MONTANT_79_0": 0.2857142857142857, "2_DESCRIPTION_79_0": 0.0, "3_:_79_0": 1.0, "4_Tel_79_0": 0.0, "5_LA_79_0": 1.5, "6_17000_79_0": 0.0, "7_ROCHELLE_79_0": 0.0, "8_SCIERIE_79_0": 0.0, "9_RUE_79_0": 0.0, "10_DE_79_0": 0.0, "11_LA_79_0": 0.5, "12_33_79_0": 0.5, "13_LA_79_0": 0.0, "14_ROCHELLE_79_0": 0.0, "15_CRF-CITY_79_0": 0.0, "0_A_82_3": 0.0, "1_BIENTOT_82_3": 0.0, "2_MERCI_82_3": 0.0, "3_VOTRE_82_3": 0.0, "4_VISITE_82_3": 0.0, "5_DE_82_3": 0.0, "0_AITICLE(S)_422_1": 0.0, "1_TOTAL_422_1": 0.8, "2_A_422_1": 1.0, "3_PAYER_422_1": 0.0, "4_16.16\u20ac_422_1": 0.3333333333333333, "5_0.180kg_422_1": 0.0, "6_2.90\u20ac/kg_422_1": 0.125, "7_x_422_1": 0.0, "8_*POMME_422_1": 0.0, "9_ROYAL_422_1": 0.0, "10_GALA_422_1": 0.25, "11_0.52\u20ac_422_1": 0.4, "12_PROT.5_422_1": 0.0, "13_*HARTA_422_1": 0.16666666666666666, "14_DEO_422_1": 0.0, "15_3.32\u20ac_422_1": 0.4, "16_*MELON_422_1": 0.3333333333333333, "17_CHARENTAIS_422_1": 0.1, "18_GRO_422_1": 0.0, "19_2.50\u20ac_422_1": 0.4, "20_*COUNTIY_422_1": 0.25, "21_CRISP_422_1": 0.0, "22_NOIX_422_1": 0.75, "23_3.69\u20ac_422_1": 0.4, "24_*BISC._422_1": 0.16666666666666666, "25_OJA_422_1": 1.0, "26_ORANGE_422_1": 0.0, "27_2.04\u20ac_422_1": 0.4, "28_0.180kg_422_1": 0.14285714285714285, "29_1.95\u20ac/kg_422_1": 0.25, "30_x_422_1": 1.0, "31_*BANANI_422_1": 0.14285714285714285, "32_0.35\u20ac_422_1": 0.4, "33_*320G_422_1": 0.6, "34_ALADE_422_1": 0.2, "35_ANTIBE_422_1": 0.0, "36_3.74\u20ac_422_1": 0.4, "37_DESCRIPTION_422_1": 0.5454545454545454, "38_QTE_422_1": 0.0, "39_MONTANT_422_1": 0.42857142857142855, "0_Vignette(s)_577_3": 0.0, "1_par_577_3": 0.0, "2_operation_577_3": 0.0, "3_Bravo_577_3": 0.0, "4_avez_577_3": 0.0, "5_cumule_577_3": 0.0, "6_vous_577_3": 0.0, "7_1.0_577_3": 0.0, "0_188,499_receipt_00397_1": 0.0, "1_CASH_receipt_00397_1": 0.0, "2_188,499_receipt_00397_1": 0.0, "3_TOTAL_receipt_00397_1": 0.0, "4_13.00xITEMs_receipt_00397_1": 0.0, "5_188,499_receipt_00397_1": 1.0, "6_SUBTOTAL_receipt_00397_1": 0.0, "7_17,136_receipt_00397_1": 0.16666666666666666, "8_AMOUNT_receipt_00397_1": 0.3333333333333333, "9_10.000%_receipt_00397_1": 0.0, "10_PB_receipt_00397_1": 0.0, "11_10%_receipt_00397_1": 0.0, "12_1_receipt_00397_1": 1.0, "13_171,363_receipt_00397_1": 0.14285714285714285, "14_SUBTOTAL_receipt_00397_1": 0.125, "15_PLASTIK_receipt_00397_1": 0.14285714285714285, "16_TENTENG_receipt_00397_1": 0.0, "17_KECIL_receipt_00397_1": 0.0, "18_0_receipt_00397_1": 0.0, "19_1X_receipt_00397_1": 1.0, "20_@0_receipt_00397_1": 0.5, "21_10,000_receipt_00397_1": 0.8333333333333334, "22_AYAM_receipt_00397_1": 1.0, "23_1X_receipt_00397_1": 2.0, "24_@10000_receipt_00397_1": 0.3333333333333333, "25_DONATCOKLAT_receipt_00397_1": 0.09090909090909091, "26_40,000_receipt_00397_1": 0.0, "0_Lumpur_X51005444040_0": 0.0, "1_50490,_X51005444040_0": 0.0, "2_Kuala_X51005444040_0": 0.0, "3_Heights_X51005444040_0": 0.0, "4_Batai,_X51005444040_0": 0.0, "5_Damansara_X51005444040_0": 0.0, "6_Plaza_X51005444040_0": 0.0, "7_Batai,_X51005444040_0": 0.0, "8_6,_X51005444040_0": 0.5, "9_Lot_X51005444040_0": 0.0, "10_Jalan_X51005444040_0": 0.0, "11_(913144-A)_X51005444040_0": 0.0, "12_BENS_X51005444040_0": 0.0, "13_GROCER_X51005444040_0": 0.0, "14_SDN._X51005444040_0": 0.25, "15_BHD_X51005444040_0": 0.0, "0_cash:_receipt_00116_1": 0.8, "1_29,999_receipt_00116_1": 0.16666666666666666, "2_PB1:_receipt_00116_1": 1.0, "3_2,727_receipt_00116_1": 1.0, "4_SubTotal:_receipt_00116_1": 0.1111111111111111, "5_27,272_receipt_00116_1": 0.6666666666666666, "6_Cheese_receipt_00116_1": 0.0, "7_1_receipt_00116_1": 1.0, "8_Nutella_receipt_00116_1": 0.14285714285714285, "9_27,272_receipt_00116_1": 1.0, "0_:_382_0": 1.0, "1_Tel_382_0": 0.0, "2_ROCHELLE_382_0": 0.0, "3_LA_382_0": 0.0, "4_17000_382_0": 0.0, "5_LA_382_0": 0.5, "6_SCIERIE_382_0": 0.14285714285714285, "7_DE_382_0": 0.0, "8_33_382_0": 0.0, "9_RUE_382_0": 0.0, "10_ROCHELLE_382_0": 0.0, "11_CRF-CITY_382_0": 0.0, "0_ _receipt_00254_0": 2.0, "0_20.000_receipt_00154_1": 1.0, "1_CASH_receipt_00154_1": 0.0, "2_20.000_receipt_00154_1": 0.0, "3_1_receipt_00154_1": 1.0, "4_20.000_receipt_00154_1": 0.0, "5_20.000_receipt_00154_1": 0.0, "6_4-Chunks_receipt_00154_1": 0.125, "7_1_receipt_00154_1": 0.0, "0_CASH_receipt_00057_1": 0.0, "1_39,000_receipt_00057_1": 0.16666666666666666, "2_PCS_receipt_00057_1": 0.0, "3_4_receipt_00057_1": 1.0, "4_DUE_receipt_00057_1": 0.0, "5_39,000_receipt_00057_1": 0.16666666666666666, "6_ITEM:_receipt_00057_1": 0.0, "7_4_receipt_00057_1": 1.0, "8_SUBTOTAL_receipt_00057_1": 0.25, "9_39,000_receipt_00057_1": 0.16666666666666666, "10_RB._receipt_00057_1": 0.0, "11_RED_receipt_00057_1": 0.0, "12_1_receipt_00057_1": 2.0, "13_BEAN_receipt_00057_1": 0.0, "14_8,000_receipt_00057_1": 0.0, "15_RB._receipt_00057_1": 0.0, "16_COKLAT_receipt_00057_1": 1.0, "17_1_receipt_00057_1": 1.0, "18_8,000_receipt_00057_1": 0.0, "19_COFFEE_receipt_00057_1": 0.16666666666666666, "20_9,000_receipt_00057_1": 0.0, "21_RB._receipt_00057_1": 0.3333333333333333, "22_ABON_receipt_00057_1": 0.25, "23_AYAM_receipt_00057_1": 0.0, "24_1_receipt_00057_1": 1.0, "25_14,000_receipt_00057_1": 0.0, "26_PL._receipt_00057_1": 1.0, "27_MUFFIN_receipt_00057_1": 0.0, "28_1_receipt_00057_1": 1.0, "29_BLUEBERRY_receipt_00057_1": 0.0, "0_15000_receipt_00572_0": 0.0, "1_Sub_receipt_00572_0": 0.0, "2_Total_receipt_00572_0": 0.0, "3_1_receipt_00572_0": 1.0, "4_15000_receipt_00572_0": 0.2, "5_Aloe_receipt_00572_0": 0.0, "6_15000_receipt_00572_0": 0.0, "7_Lemongrass_receipt_00572_0": 0.0, "8_RTD_receipt_00572_0": 0.0, "0_0010_85_1": 0.0, "1_004_85_1": 0.0, "2_000171_85_1": 0.0, "3_06/01/2017_85_1": 0.0, "4_12:49:19_85_1": 0.0, "5_CB_85_1": 0.5, "6_EMV_85_1": 0.0, "7_SANS_85_1": 0.0, "8_CONTACT_85_1": 0.0, "9_EUR_85_1": 0.0, "10_6.15\u20ac_85_1": 0.4, "11_4_85_1": 0.0, "12_ARTICLE_85_1": 0.0, "13_(S)_85_1": 1.0, "14_TOTAL_85_1": 0.0, "15_A_85_1": 0.0, "16_PAYER_85_1": 0.0, "17_16.15\u20ac_85_1": 0.3333333333333333, "18_*COUSCOUS_85_1": 0.0, "19_MAROCAINE_85_1": 0.1111111111111111, "20_3.65\u20ac_85_1": 0.4, "21_0.345kg_85_1": 0.14285714285714285, "22_x_85_1": 2.0, "23_2.50\u20ac/kg_85_1": 0.125, "24_*CLEMENTINE_85_1": 0.09090909090909091, "25_0.86\u20ac_85_1": 0.4, "26_0.220kg_85_1": 0.14285714285714285, "27_1.95\u20ac/kg_85_1": 0.0, "28_x_85_1": 0.0, "29_*BANANE_85_1": 0.0, "30_0.43\u20ac_85_1": 0.4, "31_*180G_85_1": 0.2, "32_CAROTTES_85_1": 0.0, "33_RAPE_85_1": 0.0, "34_11.21\u20ac_85_1": 0.0, "35_DESCRIPTION_85_1": 0.0, "36_QTE_85_1": 0.0, "37_MONTANT_85_1": 0.2857142857142857, "0_MERCI_433_2": 0.0, "1_DE_433_2": 0.0, "2_VISITE_433_2": 0.0, "3_VOTRE_433_2": 0.0, "4_O_433_2": 1.0, "5_05_433_2": 0.0, "6_003_433_2": 0.0, "7_000420_433_2": 0.0, "8_03/04/2017_433_2": 0.0, "9_18:56:11_433_2": 0.0, "10_produits_433_2": 0.0, "11_5%_433_2": 0.0, "12_Carrefou_433_2": 0.25, "13_0.08\u20ac_433_2": 0.4, "14_Details:_433_2": 0.0, "15_Carte:_433_2": 0.3333333333333333, "16_compte_433_2": 0.0, "17_0.08\u20ac_433_2": 0.2, "18_sur_433_2": 0.0, "19_votre_433_2": 0.0, "20_fidelite._433_2": 0.0, "21_Carrefour,_433_2": 0.0, "22_fidelite_433_2": 0.0, "23_vous_433_2": 0.25, "24_cumulez_433_2": 0.14285714285714285, "25_programme_433_2": 0.0, "26_avez_433_2": 0.0, "27_souscrit_433_2": 0.0, "28_au_433_2": 0.0, "0_Grand_receipt_00319_1": 0.2, "1_Total_receipt_00319_1": 0.6, "2_140,800_receipt_00319_1": 0.14285714285714285, "3_Pajak_receipt_00319_1": 0.2, "4_Resto_receipt_00319_1": 0.0, "5_12,800_receipt_00319_1": 0.16666666666666666, "6_Sub_receipt_00319_1": 1.3333333333333333, "7_Total_receipt_00319_1": 0.2, "8_128,000_receipt_00319_1": 0.2857142857142857, "9_Jumlah_receipt_00319_1": 0.3333333333333333, "10_Item_receipt_00319_1": 1.0, "11_4_receipt_00319_1": 1.0, "12_2_receipt_00319_1": 0.0, "13_13,000_receipt_00319_1": 0.3333333333333333, "14_X_receipt_00319_1": 1.0, "15_26,000_receipt_00319_1": 0.3333333333333333, "16_TEH_receipt_00319_1": 0.0, "17_JAWA_receipt_00319_1": 0.25, "18_45,000_receipt_00319_1": 0.3333333333333333, "19_1_receipt_00319_1": 1.0, "20_45,000_receipt_00319_1": 0.16666666666666666, "21_X_receipt_00319_1": 2.0, "22_NASI_receipt_00319_1": 0.25, "23_LIWET_receipt_00319_1": 0.2, "24_(SATE_receipt_00319_1": 0.4, "25_AYAM)_receipt_00319_1": 0.4, "26_BUNTEL_receipt_00319_1": 0.16666666666666666, "27_1_receipt_00319_1": 1.0, "28_X_receipt_00319_1": 2.0, "29_57,000_receipt_00319_1": 0.0, "30_57,000_receipt_00319_1": 0.16666666666666666, "31_LONTONG_receipt_00319_1": 0.14285714285714285, "32_CAP_receipt_00319_1": 0.3333333333333333, "33_GO_receipt_00319_1": 1.0, "34_MEH_receipt_00319_1": 0.6666666666666666, "0_100,000_receipt_00753_1": 0.14285714285714285, "1_CASH_receipt_00753_1": 0.25, "0_ _receipt_00492_0": 3.0, "0_ _receipt_00190_0": 2.0, "0_ _receipt_00581_0": 4.0, "0_8.500,00_receipt_00508_0": 0.0, "1_8.500,00_receipt_00508_0": 0.25, "2_x1_receipt_00508_0": 1.0, "3_1013-ROTI_receipt_00508_0": 0.3333333333333333, "4_NANAS_receipt_00508_0": 0.2, "0_18_601_2": 0.0, "1_1_601_2": 0.0, "2_T00_601_2": 1.0, "3_0_601_2": 1.0, "4_0_601_2": 0.0, "5_2_601_2": 0.0, "6_3_601_2": 1.0, "7_5_601_2": 1.0, "8_5_601_2": 0.0, "9_4_601_2": 0.0, "10_*_601_2": 0.0, "11_*_601_2": 0.0, "12_Merci._601_2": 0.0, "13_A_601_2": 0.0, "14_bientot_601_2": 0.0, "15_9h_601_2": 0.0, "16_-19h_601_2": 0.0, "17_du_601_2": 0.0, "18_lundi_601_2": 0.2, "19_au_601_2": 0.0, "20_samedi_601_2": 0.0, "21_magasin_601_2": 0.0, "22_Le_601_2": 0.0, "23_est_601_2": 0.0, "24_ouvert_601_2": 0.0, "25_5.50_601_2": 0.0, "26_22.74_601_2": 0.0, "27_%_601_2": 0.0, "28_1.25_601_2": 0.25, "29_TVA_601_2": 0.0, "30_Ht_601_2": 0.0, "31_Tva_601_2": 0.0, "32_Especes_601_2": 0.0, "33_23.99\u20ac_601_2": 0.3333333333333333, "0_Bonjour_808_0": 0.0, "1_Morgane_808_0": 0.0, "2_Vendeur:_808_0": 0.0, "3_COMPLETER_808_0": 0.0, "4_Client_808_0": 0.0, "5_A_808_0": 0.0, "6_:_808_0": 1.0, "7_Tel:_808_0": 0.0, "8_17180_808_0": 0.0, "9_PERIGNY_808_0": 0.0, "10_Langevin_808_0": 0.0, "11_avenue_808_0": 0.0, "12_Paul_808_0": 0.0, "13_LA_808_0": 0.0, "14_BOUTIQUE_808_0": 0.0, "15_LEA_808_0": 0.0, "16_NATURE_808_0": 0.0, "17_17/07/2017_808_0": 0.0, "18_TK1-023155_808_0": 0.0, "19_11:21_808_0": 0.0, "0_:_120_0": 1.0, "1_Tel_120_0": 0.0, "2_LA_120_0": 1.0, "3_ROCHELLE_120_0": 0.0, "4_17000_120_0": 0.0, "5_SCIERIE_120_0": 0.0, "6_RUE_120_0": 0.0, "7_DE_120_0": 0.0, "8_LA_120_0": 0.0, "9_33_120_0": 0.0, "10_ROCHELLE_120_0": 0.0, "11_CRF-CITY_120_0": 0.25, "12_LA_120_0": 0.0, "0_6,32_794_2": 0.25, "1_EUR_794_2": 0.0, "2_*P.NAV_794_2": 0.5, "3_THON_794_2": 0.0, "4_ALBACO_794_2": 0.0, "5_N_794_2": 0.0, "6_A_794_2": 0.0, "7_1,64_794_2": 0.25, "8_CITRO_794_2": 0.0, "9_EUR_794_2": 0.0, "10_A_794_2": 0.0, "11_BENEDICTA_794_2": 0.0, "12_MAYO_794_2": 0.0, "13_1,12_794_2": 1.0, "14_EUR_794_2": 0.0, "15_MAYON_794_2": 0.0, "16_NATU_794_2": 0.0, "17_A_794_2": 0.0, "18_BENEDICTA_794_2": 0.1111111111111111, "19_1,90_794_2": 0.25, "20_EUR_794_2": 0.0, "21_A_794_2": 0.0, "22_SUCRE_794_2": 0.0, "23_VANIL_794_2": 0.2, "24_12_794_2": 0.0, "25_*ALSA_794_2": 0.6, "26_B.OR_794_2": 0.5, "27_EUR_794_2": 0.0, "28_0,95_794_2": 0.75, "29_A_794_2": 0.0, "30_CORNICHONS_794_2": 0.1, "31_E.F_794_2": 0.6666666666666666, "32_ART#_794_2": 0.25, "33_1,86_794_2": 0.25, "34_TORTI_794_2": 0.0, "35_500GX_794_2": 0.4, "36_EUR_794_2": 0.0, "37_A_794_2": 0.0, "38_*PANZANI_794_2": 0.125, "39_10,18_794_2": 0.2, "40_TR_794_2": 0.0, "41_EUR_794_2": 0.0, "42_A_794_2": 1.0, "43_AGNEAU_794_2": 0.16666666666666666, "44_GIGOT***_794_2": 0.375, "45_4_794_2": 1.0, "46_510G_794_2": 0.25, "47_1,72_794_2": 0.75, "48_EUR_794_2": 0.0, "49_B_794_2": 0.0, "50_PLANTA_794_2": 0.0, "51_FIN_794_2": 0.0, "52_DOUX_794_2": 0.75, "53_1,85_794_2": 0.25, "54_EUR_794_2": 0.0, "55_B_794_2": 0.0, "56_PAIC_794_2": 0.0, "57_G_794_2": 1.0, "58_0,67_794_2": 0.25, "59_4,02_794_2": 0.25, "60_EUR_794_2": 0.0, "61_EUR_794_2": 0.0, "62_A_794_2": 1.0, "63_6,00_794_2": 0.25, "64_PRIX_794_2": 0.0, "65_1/2E_794_2": 0.25, "66_1ER_794_2": 0.0, "67_LT_794_2": 1.0, "68_UHT_794_2": 0.0, "69_1,00_794_2": 0.25, "70_EUR_794_2": 0.0, "71_DANETTE_794_2": 0.0, "72_CARAMEL_794_2": 0.0, "73_A_794_2": 0.0, "74_*DAN._794_2": 0.6, "75_1,00_794_2": 0.0, "76_EUR_794_2": 0.0, "77_CHO_794_2": 0.0, "78_A_794_2": 0.0, "79_1,55_794_2": 0.5, "80_EUR_794_2": 0.0, "81_A_794_2": 0.0, "82_CLEMENTINE_794_2": 0.0, "0_57.200_receipt_00085_1": 0.0, "1_BCA_receipt_00085_1": 0.0, "2_57.200_receipt_00085_1": 0.0, "3_TOTAL_receipt_00085_1": 0.0, "4_57.200_receipt_00085_1": 0.0, "5_Subtotal_receipt_00085_1": 0.0, "6_10.000_receipt_00085_1": 0.0, "7_Wagyu_receipt_00085_1": 0.0, "8_Rice_receipt_00085_1": 0.0, "9_Box_receipt_00085_1": 0.0, "10_1_receipt_00085_1": 0.0, "11_(1gr)_receipt_00085_1": 0.0, "12_47.200_receipt_00085_1": 0.0, "13_Wagyu_receipt_00085_1": 0.0, "14_Round_receipt_00085_1": 0.0, "15_118_receipt_00085_1": 0.0, "0_AGAIN_X51005230621_3": 0.0, "1_PLEASE_X51005230621_3": 0.0, "2_COME_X51005230621_3": 0.0, "3_THANK_X51005230621_3": 0.2, "4_YOU_X51005230621_3": 0.6666666666666666, "5_0.41_X51005230621_3": 1.0, "6_6.89_X51005230621_3": 0.0, "7_SR_X51005230621_3": 0.0, "8_Summary_X51005230621_3": 0.42857142857142855, "9_Amount_X51005230621_3": 0.8333333333333334, "10_Tax_X51005230621_3": 0.3333333333333333, "11_GST_X51005230621_3": 0.3333333333333333, "12_item(s):_X51005230621_3": 0.125, "13_Total_X51005230621_3": 0.0, "0_A_167_2": 0.0, "1_BIENTOT_167_2": 0.0, "2_MERCI_167_2": 0.0, "3_DE_167_2": 0.0, "4_VOTRE_167_2": 0.0, "5_VISITE_167_2": 0.16666666666666666, "6_17/01/2017_167_2": 0.0, "7_0001_167_2": 0.25, "8_004_167_2": 0.3333333333333333, "9_000115_167_2": 0.0, "10_12:10:09_167_2": 0.125, "11_produits_167_2": 0.0, "12_5%_167_2": 0.0, "13_Carrefou_167_2": 0.0, "14_0.06\u20ac_167_2": 0.4, "15_Details:_167_2": 0.0, "0_12,25_787_0": 1.0, "1_euros_787_0": 0.0, "2_HT._787_0": 1.0, "3_PRIX_787_0": 1.0, "4_km._787_0": 0.0, "5_147_787_0": 0.3333333333333333, "6_1_787_0": 0.0, "7_Entree._787_0": 0.0, "8_Date..._787_0": 0.0, "9_N_787_0": 1.0, "10_12_787_0": 0.0, "11_R36511_787_0": 1.1666666666666667, "12_1001_787_0": 0.0, "13_RECU_787_0": 0.0, "14_79360_787_0": 0.0, "15_33_787_0": 0.0, "16_10_787_0": 0.0, "17_A_787_0": 1.0, "0_40,000_receipt_00279_1": 0.16666666666666666, "1_55,000_receipt_00279_1": 1.5, "2_CASH_receipt_00279_1": 0.0, "3_TOTAL_receipt_00279_1": 0.0, "4_15,000_receipt_00279_1": 0.16666666666666666, "5_P_receipt_00279_1": 1.0, "6_TARIK_receipt_00279_1": 0.0, "7_TEH_receipt_00279_1": 0.0, "8_-7,000_receipt_00279_1": 1.0, "9_BNG_receipt_00279_1": 0.0, "10_AYM_receipt_00279_1": 0.0, "11_SOP_receipt_00279_1": 0.0, "0_001_177_1": 0.0, "1_000263_177_1": 0.0, "2_04/01/2017_177_1": 0.0, "3_18:20:43_177_1": 0.0, "4_0001_177_1": 0.0, "5_-46.07\u20ac_177_1": 0.2857142857142857, "6_Monnaie_177_1": 0.0, "7_Votre_177_1": 0.0, "8_EUR_177_1": 0.0, "9_50.00\u20ac_177_1": 0.3333333333333333, "10_ESPECES_177_1": 0.0, "11_ARTICLE(S)_177_1": 0.0, "12_TOTAL_177_1": 0.0, "13_A_177_1": 0.0, "14_PAYER_177_1": 0.0, "15_3.93\u20ac_177_1": 0.4, "16_3_177_1": 0.0, "17_*SAL_177_1": 0.0, "18_MACHE_177_1": 0.2, "19_BQ_177_1": 0.5, "20_0.99\u20ac_177_1": 0.4, "21_1.64_177_1": 0.0, "22_NATURE_177_1": 0.0, "23_*HNE_177_1": 0.25, "24_LOIK_177_1": 0.0, "25_1.30e_177_1": 0.4, "26_*CURLY_177_1": 0.0, "27_CACAHUETE_177_1": 0.0, "28_MONTANT_177_1": 0.14285714285714285, "29_QTE_177_1": 1.0, "30_DESCRIPTION_177_1": 0.0, "0_L'EQUIPE_569_1": 0.125, "1_MARKET_569_1": 0.0, "2_TOUTE_569_1": 0.0, "3_DE_569_1": 0.0, "4_15/02/2017_569_1": 0.0, "5_000082_569_1": 0.0, "6_18:59:19_569_1": 0.0, "7_0121_569_1": 0.0, "8_005_569_1": 0.0, "9_Monnaie_569_1": 0.0, "10_-4.50\u20ac_569_1": 0.3333333333333333, "11_Votre_569_1": 0.0, "12_EUR_569_1": 0.0, "13_5.00\u20ac_569_1": 0.4, "14_ESPECES_569_1": 0.0, "15_0.50\u20ac_569_1": 0.4, "16_ARTICLE(S)_569_1": 0.0, "17_TOTAL_569_1": 0.0, "18_A_569_1": 0.0, "19_PAYER_569_1": 0.0, "20_TOTAL_569_1": 0.0, "21_ALIMENTAIRE_569_1": 0.0, "22_0.50\u20ac_569_1": 0.4, "23_1.2500_569_1": 0.0, "24_x_569_1": 1.0, "25_0.40\u20ac_569_1": 0.4, "26_0.50\u20ac_569_1": 0.4, "27_*DEJEUNETTEX1_569_1": 0.07692307692307693, "0_0_receipt_00127_1": 1.0, "1_CHANGE_receipt_00127_1": 0.0, "2_20,000_receipt_00127_1": 0.0, "3_CASH_receipt_00127_1": 0.0, "4_TOTAL_receipt_00127_1": 0.0, "5_20,000_receipt_00127_1": 0.0, "6_TT_receipt_00127_1": 0.0, "7_20,000_receipt_00127_1": 0.0, "8_1_receipt_00127_1": 0.0, "0_0004_443_1": 0.0, "1_002_443_1": 0.0, "2_000050_443_1": 0.0, "3_14/03/2017_443_1": 0.0, "4_08:03:40_443_1": 0.0, "5_CARTE_443_1": 0.0, "6_BANCAIRE_443_1": 0.0, "7_EMV_443_1": 0.0, "8_EUR_443_1": 0.0, "9_16.92\u20ac_443_1": 0.3333333333333333, "10_5_443_1": 0.0, "11_ARTICLE_443_1": 0.0, "12_(S)_443_1": 0.3333333333333333, "13_TOTAL_443_1": 0.0, "14_PAYER_443_1": 0.0, "15_A_443_1": 0.0, "16_16.92\u20ac_443_1": 0.3333333333333333, "17_DE_443_1": 0.0, "18_BREBIS_443_1": 0.0, "19_*YRT_443_1": 0.25, "20_NATU_443_1": 0.0, "21_1.33\u20ac_443_1": 0.4, "22_0.350kg_443_1": 0.14285714285714285, "23_x_443_1": 0.0, "24_2.50\u20ac/kg_443_1": 0.125, "25_*POHME_443_1": 0.16666666666666666, "26_ROYAL_443_1": 0.2, "27_GALA_443_1": 0.0, "28_0.88\u20ac_443_1": 0.4, "29_*POISSON_443_1": 0.125, "30_ANDALOUSE_443_1": 0.0, "31_3.85\u20ac_443_1": 0.4, "32_*CAFE_443_1": 0.2, "33_/_443_1": 1.0, "34_SOLUBLE_443_1": 0.0, "35_/_443_1": 1.0, "36_5.04\u20ac_443_1": 0.6, "37_*32_443_1": 0.3333333333333333, "38_DOS_443_1": 1.0, "39_SENSEO_443_1": 0.16666666666666666, "40_INT._443_1": 0.0, "41_5.82\u20ac_443_1": 0.4, "42_DESCRIPTION_443_1": 0.0, "43_QTE_443_1": 0.3333333333333333, "44_NONTANT_443_1": 0.14285714285714285, "0_:_777_0": 3.0, "1_Cai_777_0": 0.3333333333333333, "2_sse_777_0": 0.0, "3_:_777_0": 1.0, "4_14/01/17_777_0": 0.0, "5_03_777_0": 0.5, "6_Heure_777_0": 0.0, "7_13:14_777_0": 0.0, "8_Date_777_0": 0.0, "9_N0_777_0": 0.5, "10_:_777_0": 1.0, "11_Magasin_777_0": 0.0, "12_:_777_0": 1.0, "13_:_777_0": 1.0, "14_FR0230_777_0": 0.16666666666666666, "15_195_777_0": 0.3333333333333333, "16_Vendeur_777_0": 0.0, "17_315462_777_0": 0.3333333333333333, "18_l'application_777_0": 0.15384615384615385, "19_H&M_777_0": 0.3333333333333333, "20_RDV_777_0": 0.0, "21_maintenant_777_0": 0.0, "22_sur_777_0": 0.0, "23_d'avantages_777_0": 0.18181818181818182, "24_profitez_777_0": 0.0, "25_!_777_0": 1.0, "26_Et_777_0": 0.0, "27_exclusifs_777_0": 0.0, "28_points_777_0": 0.0, "29_achats_777_0": 0.0, "30_en_777_0": 0.0, "31_Transformez_777_0": 0.0, "32_vos_777_0": 0.0, "33_encore_777_0": 0.0, "34_membre_777_0": 0.0, "35_du_777_0": 0.0, "36_club_777_0": 0.25, "37_?_777_0": 0.0, "38_Pas_777_0": 0.0, "39_(appel_777_0": 0.0, "40_gratui_777_0": 0.16666666666666666, "41_t)_777_0": 1.0, "42_client_777_0": 0.0, "43_088_777_0": 0.0, "44_888_777_0": 0.0, "45_Service_777_0": 0.0, "46_0805_777_0": 0.75, "47_La_777_0": 0.5, "48_Rochelle_777_0": 0.125, "49_17000_777_0": 0.0, "50_Merciers_777_0": 0.0, "51_rue_777_0": 0.0, "52_40_777_0": 1.0, "53_des_777_0": 0.3333333333333333, "54_FRO230_777_0": 0.0, "55_www._777_0": 0.75, "56_hm._777_0": 0.3333333333333333, "57_com_777_0": 0.0, "58_Hennes_777_0": 0.0, "59_&_777_0": 1.0, "60_Mauritz_777_0": 0.0, "61_H&M_777_0": 0.3333333333333333, "62_H&M_777_0": 0.3333333333333333, "0_21.000_receipt_00688_1": 0.5, "1_Kembali_receipt_00688_1": 0.7142857142857143, "2_150.000_receipt_00688_1": 0.2857142857142857, "3_Tendered_receipt_00688_1": 0.125, "4_Total_receipt_00688_1": 0.2, "5_129,000_receipt_00688_1": 0.7142857142857143, "6_6_receipt_00688_1": 2.0, "7_11,727_receipt_00688_1": 1.0, "8_PAJAK_receipt_00688_1": 1.0, "9_10%_receipt_00688_1": 1.0, "10_117.273_receipt_00688_1": 1.0, "11_Subtotal_receipt_00688_1": 0.25, "0_ _receipt_00229_0": 2.0, "0_ICE_receipt_00710_0": 1.0, "1_LESS_receipt_00710_0": 1.0, "2_0_receipt_00710_0": 2.0, "3_(L)_receipt_00710_0": 1.0, "4_PUDDING_receipt_00710_0": 0.14285714285714285, "5_4,000_receipt_00710_0": 0.2, "6_(L)_receipt_00710_0": 1.0, "7_x_receipt_00710_0": 1.0, "8_1_receipt_00710_0": 1.0, "9_STBERRY_receipt_00710_0": 0.0, "10_MT_receipt_00710_0": 1.0, "11_TOPPING_receipt_00710_0": 0.0, "12_27,000_receipt_00710_0": 0.16666666666666666, "0_VISITE_407_1": 0.0, "1_DE_407_1": 0.0, "2_VOTRE_407_1": 0.0, "3_MERCI_407_1": 0.2, "4_11:54:47_407_1": 0.0, "5_27/04/2017_407_1": 0.1, "6_00036_407_1": 0.0, "7_004_407_1": 0.0, "8_0004_407_1": 0.0, "9_26.23\u20ac_407_1": 0.3333333333333333, "10_SANS_407_1": 0.0, "11_EUR_407_1": 0.0, "12_CONTACT_407_1": 0.0, "13_EMV_407_1": 0.0, "14_CB_407_1": 0.5, "15_26.23\u20ac_407_1": 0.3333333333333333, "16_PAYER_407_1": 0.0, "17_ARTICLE_407_1": 0.0, "18_(S)_407_1": 0.6666666666666666, "19_TOTAL_407_1": 0.8, "20_A_407_1": 1.0, "21_2_407_1": 0.0, "22_0.4727_407_1": 0.16666666666666666, "23_2.20\u20ac_407_1": 0.4, "24_x_407_1": 0.0, "25_1.04\u20ac_407_1": 0.4, "26_*BANANE_407_1": 0.0, "27_BIO_407_1": 0.3333333333333333, "28_25.19\u20ac_407_1": 0.3333333333333333, "29_PATES_407_1": 0.0, "30_*400G_407_1": 0.2, "31_LEG_407_1": 0.3333333333333333, "32_PLT_407_1": 0.0, "33_QTE_407_1": 0.0, "34_NONTANT_407_1": 0.0, "35_DESCRIPTION_407_1": 0.0, "0_KEMBALI_receipt_00437_1": 0.42857142857142855, "1_0_receipt_00437_1": 1.0, "2_256,000_receipt_00437_1": 0.14285714285714285, "3_CASH_receipt_00437_1": 0.0, "4_256,000_receipt_00437_1": 0.0, "5_TOTAL_receipt_00437_1": 0.0, "6_256,000_receipt_00437_1": 0.0, "7_SUBTOTAL_receipt_00437_1": 0.0, "8_Qty_receipt_00437_1": 0.6666666666666666, "9_Item_receipt_00437_1": 0.25, "10_2_receipt_00437_1": 1.0, "11_2_receipt_00437_1": 1.0, "0_0006_298_1": 0.25, "1_002_298_1": 0.0, "2_00346_298_1": 0.2, "3_26/06/2017_298_1": 0.0, "4_19:50:32_298_1": 0.0, "5_CB_298_1": 0.5, "6_EMV_298_1": 0.0, "7_SANS_298_1": 0.0, "8_CONTACT_298_1": 0.0, "9_EUR_298_1": 0.0, "10_5.81\u20ac_298_1": 0.4, "11_ARTICLE_298_1": 0.0, "12_(S)_298_1": 1.0, "13_4_298_1": 1.0, "14_TOTAL_298_1": 0.0, "15_A_298_1": 0.0, "16_PAYER_298_1": 0.0, "17_7.17\u20ac_298_1": 0.2, "18_*BAGUETTE_298_1": 0.0, "19_250G_298_1": 0.25, "20_1.34\u20ac_298_1": 0.0, "21_*200G_298_1": 0.4, "22_GAL.EPEAUTRE_298_1": 0.25, "23_1.20\u20ac_298_1": 0.6, "24_*4X100_298_1": 0.0, "25_ALLUMETTES_298_1": 0.1, "26_1.78\u20ac_298_1": 0.0, "27_*500G_298_1": 0.4, "28_PAIN_298_1": 0.0, "29_DE_298_1": 0.0, "30_MIE_298_1": 0.0, "31_2.85\u20ac_298_1": 0.4, "32_DESCRIPTION_298_1": 0.0, "33_QTE_298_1": 1.0, "34_MONTANT_298_1": 0.0, "0_MERCI_730_1": 0.0, "1_VOTRE_730_1": 0.0, "2_POUR_730_1": 0.0, "3_VISITE_730_1": 0.0, "4_BIENTOT_730_1": 0.14285714285714285, "5_produits_730_1": 0.0, "6_repris_730_1": 0.0, "7_echanges._730_1": 0.0, "8_ne_730_1": 1.0, "9_sont_730_1": 0.0, "10_ni_730_1": 0.5, "11_ni_730_1": 0.0, "12_part,_730_1": 0.2, "13_Sauf_730_1": 0.25, "14_erreur_730_1": 0.0, "15_formelle_730_1": 0.0, "16_de_730_1": 0.0, "17_notre_730_1": 0.0, "18_les_730_1": 0.3333333333333333, "19_:_730_1": 2.0, "20_30/04/2017_730_1": 0.0, "21_Le_730_1": 0.5, "22_Op._730_1": 0.0, "23_a_730_1": 0.0, "24_18h07_730_1": 0.0, "25_13_730_1": 0.0, "26_15,92_730_1": 0.0, "27_CB_730_1": 0.0, "28_15,09_730_1": 0.2, "29_4,25_730_1": 0.25, "30_0,73_730_1": 0.25, "31_16,72_730_1": 0.2, "32_Taux_730_1": 0.25, "33_HT_730_1": 0.0, "34_TVA_730_1": 0.0, "35_TTC_730_1": 0.0, "36_:_730_1": 2.0, "37_15,92_730_1": 0.2, "38_(104,43Fr)_730_1": 0.0, "39_TOTAL_730_1": 0.0, "40_A_730_1": 0.0, "41_PAYER_730_1": 0.0, "42_euros_730_1": 0.4, "0_12,000_receipt_00728_0": 0.0, "1_GRAND_receipt_00728_0": 0.2, "2_TOTAL_receipt_00728_0": 0.0, "3_Sub_receipt_00728_0": 0.0, "4_Total_receipt_00728_0": 0.0, "5_12,000_receipt_00728_0": 0.0, "6_Puppy_receipt_00728_0": 0.2, "7_Pao_receipt_00728_0": 0.0, "8_1x_receipt_00728_0": 0.5, "9_12,000_receipt_00728_0": 0.0, "10_12,000_receipt_00728_0": 0.0, "0_ _receipt_00499_0": 2.0, "0_Change_receipt_00618_1": 0.3333333333333333, "1_0_receipt_00618_1": 2.0, "2_[45,901]_receipt_00618_1": 0.0, "3_~P. LAIN_receipt_00618_1": 0.375, "4_GRAND_receipt_00618_1": 0.0, "5_TOTAL_receipt_00618_1": 0.0, "6_TAX_receipt_00618_1": 0.3333333333333333, "7_4,173_receipt_00618_1": 0.0, "8_SUB._receipt_00618_1": 0.0, "9_TOTAL_receipt_00618_1": 0.0, "10_41,728_receipt_00618_1": 0.0, "11_SUKIYAKI_receipt_00618_1": 0.125, "12_BEEF_receipt_00618_1": 0.0, "13_RICE_receipt_00618_1": 0.0, "14_DEALJAVA_receipt_00618_1": 0.25, "15_41,728_receipt_00618_1": 0.0, "16_1_receipt_00618_1": 0.0, "0_0_receipt_00186_1": 0.0, "1_13,500_receipt_00186_1": 0.0, "2_CASH_receipt_00186_1": 0.0, "3_ALMOND_receipt_00186_1": 0.16666666666666666, "4_CROSSIANT_receipt_00186_1": 0.1111111111111111, "5_1_receipt_00186_1": 1.0, "6_13,500_receipt_00186_1": 0.0, "0_VOTRE_42_2": 0.0, "1_MERCI_42_2": 0.0, "2_VISITE_42_2": 0.0, "3_DE_42_2": 0.0, "0_:_186_0": 1.0, "1_Tel_186_0": 0.0, "2_ORLEANS_186_0": 0.0, "3_45000_186_0": 0.0, "4_GRENIER_186_0": 0.0, "5_SEL_186_0": 0.0, "6_1,_186_0": 0.0, "7_A_186_0": 0.0, "8_RUE_186_0": 0.0, "9_DU_186_0": 2.0, "10_ORLEANS_186_0": 0.0, "11_CITY_186_0": 0.0, "12_CARREFOUR_186_0": 0.0, "0_Change:_receipt_00301_1": 0.0, "1_34.000,00_receipt_00301_1": 0.1111111111111111, "2_Tendered:_receipt_00301_1": 0.1111111111111111, "3_50.000,00_receipt_00301_1": 0.2222222222222222, "4_Cash_receipt_00301_1": 0.25, "5_Total._receipt_00301_1": 0.3333333333333333, "6_16.000,00_receipt_00301_1": 0.2222222222222222, "7_Total_receipt_00301_1": 0.2, "8_Item:_receipt_00301_1": 0.0, "9_3_receipt_00301_1": 1.0, "10_0,00_receipt_00301_1": 0.0, "11_0,00_receipt_00301_1": 0.0, "12_x1_receipt_00301_1": 1.0, "13_Tentengan_receipt_00301_1": 0.1111111111111111, "14_Kecil_receipt_00301_1": 0.2, "15_8.000,00_receipt_00301_1": 0.125, "16_16.000,00_receipt_00301_1": 0.2222222222222222, "17_x2_receipt_00301_1": 1.0, "0_+M_receipt_00658_0": 1.0, "1_+Hot_receipt_00658_0": 0.75, "2_20.000_receipt_00658_0": 0.0, "3_Latte_receipt_00658_0": 0.4, "4_1_receipt_00658_0": 1.0, "5_Tea_receipt_00658_0": 0.0, "0_DESIGNATION_581_0": 0.0, "1_P.U_581_0": 0.3333333333333333, "2_QTE_581_0": 1.0, "3_x_581_0": 0.0, "4_MONTANT_581_0": 0.0, "5_Lundi_581_0": 0.0, "6_au_581_0": 0.0, "7_samedi_581_0": 0.0, "8_de_581_0": 0.0, "9_8h30_581_0": 0.0, "10_21h00_581_0": 0.0, "11_a_581_0": 0.0, "12_TEI:_581_0": 0.5, "13_05_581_0": 0.5, "14_46_581_0": 0.5, "15_51_581_0": 0.0, "16_23_581_0": 0.0, "17_79_581_0": 0.0, "18_Bienvenue_581_0": 0.0, "19_chez_581_0": 0.0, "0_BIENTOT_323_2": 0.0, "0_MERCI_86_1": 0.0, "1_DE_86_1": 0.0, "2_VOTRE_86_1": 0.0, "3_VISITE_86_1": 0.0, "4_0004_86_1": 0.0, "5_004_86_1": 0.0, "6_000438_86_1": 0.3333333333333333, "7_04/01/2017_86_1": 0.0, "8_18:21:05_86_1": 0.0, "9_-3.05\u20ac_86_1": 0.3333333333333333, "10_Votre_86_1": 0.0, "11_Monnaie_86_1": 0.0, "12_ESPECES_86_1": 0.0, "13_EUR_86_1": 0.0, "14_5.00\u20ac_86_1": 0.4, "15_ARTICLE_86_1": 0.0, "16_(S)_86_1": 0.6666666666666666, "17_TOTAL_86_1": 0.2, "18_A_86_1": 0.0, "19_PAYER_86_1": 0.0, "20_1.95\u20ac_86_1": 0.4, "21_*CITRON_86_1": 0.14285714285714285, "22_BIO_86_1": 0.0, "23_X4_86_1": 0.5, "24_1.95\u20ac_86_1": 0.4, "0_CRUNCHY_680_1": 0.0, "1_CHICKEN_680_1": 0.0, "2_BBQ_680_1": 0.0, "3_KING_680_1": 0.0, "4_SIZE_680_1": 0.0, "5_MENU_680_1": 0.0, "6_CRUNCHY_680_1": 0.0, "7_1_680_1": 0.0, "8_CHICKEN_680_1": 0.0, "9_BBQ_680_1": 0.0, "10_\u20ac8,70_680_1": 1.0, "11_(50cl)_680_1": 0.0, "12_SAN_680_1": 0.0, "13_PELLEGRINO_680_1": 0.1, "14_Curry_680_1": 0.2, "15_Avec_680_1": 0.0, "16_Sauce_680_1": 0.0, "17_ONION_680_1": 0.0, "18_RINGS_680_1": 0.0, "19_DOUBLE_680_1": 0.0, "20_CHEESE_680_1": 0.0, "21_BACON_680_1": 0.0, "22_XXL_680_1": 0.3333333333333333, "23_XXL_680_1": 0.0, "24_1_680_1": 1.0, "25_\u20ac8,70_680_1": 0.2, "26_MENU_680_1": 0.25, "27_DOUBLE_680_1": 0.0, "28_CHEESE_680_1": 0.0, "29_BACON_680_1": 0.0, "30_\u20ac1,60_680_1": 0.2, "31_1_680_1": 0.0, "32_Description_680_1": 0.0, "33_Qte_680_1": 0.3333333333333333, "34_Prix_680_1": 0.0, "0_1,035kg_705_1": 0.0, "1_2,33_705_1": 0.75, "2_2,25\u20ac/kg_705_1": 0.375, "3_X_705_1": 0.0, "4_BANANE_705_1": 0.0, "5_1_705_1": 2.0, "6_6,40\u20ac_705_1": 0.6, "7_6,40_705_1": 0.0, "8_X_705_1": 0.0, "9_HUILE_705_1": 0.0, "10_OLIVE_705_1": 0.0, "11_CAVANA_705_1": 0.0, "12_75CL_705_1": 0.0, "13_0,400kg_705_1": 0.0, "14_24,50\u20ac/kg_705_1": 0.4444444444444444, "15_9,80_705_1": 0.0, "16_X_705_1": 0.0, "17_NOIX_705_1": 0.25, "18_DU_705_1": 1.0, "19_BRESIL_705_1": 0.0, "20_VRAC_705_1": 0.0, "21_0,705kg_705_1": 0.0, "22_4,80\u20ac/kg_705_1": 0.0, "23_3,38_705_1": 0.0, "24_X_705_1": 0.0, "25_1/2_705_1": 0.0, "26_RIZ_705_1": 0.0, "27_BASM_705_1": 0.25, "28_COMPL_705_1": 0.0, "29_VRAC_705_1": 0.0, "30_1_705_1": 0.0, "31_6,70\u20ac_705_1": 0.4, "32_6,70_705_1": 0.0, "33_X_705_1": 0.0, "34_HUILE_705_1": 0.0, "35_LIN_705_1": 0.0, "36_FRANCE_705_1": 0.0, "37_25CL_705_1": 0.5, "38_0,335kg_705_1": 0.0, "39_20,45\u20ac/kg_705_1": 0.3333333333333333, "40_6,85_705_1": 0.0, "41_X_705_1": 0.0, "42_NOIX_705_1": 0.25, "43_DE_705_1": 0.0, "44_CAJOU_705_1": 0.2, "45_VRAC_705_1": 0.0, "46_3,80\u20ac_705_1": 0.4, "47_3,80_705_1": 0.0, "48_1_705_1": 0.0, "49_X_705_1": 0.0, "50_MAYONNAISE_705_1": 0.1, "51_NATURE_705_1": 0.0, "52_2,95\u20ac_705_1": 0.4, "53_2,95_705_1": 0.0, "54_1_705_1": 0.0, "55_X_705_1": 0.0, "0_VISITE_683_4": 0.0, "1_MERCI_683_4": 0.2, "2_DE_683_4": 0.0, "3_VOTRE_683_4": 0.2, "4_uniquement_683_4": 0.1, "5_par_683_4": 0.0, "6_remboursenent_683_4": 0.07692307692307693, "7_avoir_683_4": 0.4, "8_non_683_4": 0.0, "9_ouvert;_683_4": 0.14285714285714285, "10_produit_683_4": 0.0, "11_1'enballage_683_4": 0.09090909090909091, "12_d'origine_683_4": 0.0, "13_dans_683_4": 0.0, "14_obligatoire._683_4": 0.0, "15_AVEC_683_4": 0.5, "16_LE_683_4": 0.0, "17_TICKET_683_4": 0.0, "18_DE_683_4": 0.0, "19_CAISSE_683_4": 0.16666666666666666, "20_(Hors_683_4": 0.0, "21_frais)_683_4": 0.0, "22_sous_683_4": 0.0, "23_vetements_683_4": 0.3333333333333333, "24_et_683_4": 0.0, "25_produits_683_4": 0.0, "26_SOUS_683_4": 1.0, "27_15_683_4": 1.0, "28_JOURS_683_4": 0.0, "29_ECHANGE_683_4": 0.0, "0_N_724_4": 1.0, "1_003550_724_4": 0.5, "2_001/414_724_4": 0.14285714285714285, "3_06/05/2017_724_4": 0.0, "4_13:06:52_724_4": 0.0, "5_MERCI_724_4": 0.0, "6_DE_724_4": 0.0, "7_VOTRE_724_4": 0.2, "8_FIDELITE._724_4": 0.0, "9_fideli:e_724_4": 0.125, "10_Bon(s)_724_4": 0.0, "11_Vous_724_4": 0.0, "12_ave:_724_4": 0.25, "13_0_724_4": 0.0, "14_d'achat_724_4": 0.0, "15_points_724_4": 0.0, "16_Points_724_4": 0.0, "17_crediteS_724_4": 0.125, "18_55_724_4": 1.0, "19_Ancien_724_4": 0.0, "20_points_724_4": 0.0, "21_Solde_724_4": 0.2, "22_103_724_4": 0.0, "23_Compte_724_4": 0.16666666666666666, "24_Fidelite_724_4": 0.125, "25_:_724_4": 4.0, "26_Carte_724_4": 0.0, "27_016204956_724_4": 0.2222222222222222, "28_200_724_4": 0.0, "29_BANCA_724_4": 0.0, "30_CARTE_724_4": 0.0, "31_RE_724_4": 0.0, "32_EUR_724_4": 1.0, "33_57.02\u20ac_724_4": 0.3333333333333333, "34_TOTAL_724_4": 1.0, "35_(_724_4": 1.0, "36_=_724_4": 2.0, "37_20)_724_4": 0.0, "38_57.02\u20ac_724_4": 0.3333333333333333, "0_ _receipt_00098_0": 2.0, "0_SQUEEZER_54_1": 0.0, "1_*MIEL_54_1": 0.2, "2_250G_54_1": 0.25, "3_2.35\u20ac_54_1": 0.4, "4_*KIWI_54_1": 0.6, "5_GROS_54_1": 0.25, "6_PIECE_54_1": 0.0, "7_4x_54_1": 1.0, "8_0.40_54_1": 0.0, "9_1.60\u20ac_54_1": 0.4, "10_*COCA_54_1": 0.2, "11_COLA_54_1": 0.75, "12_50CL_54_1": 0.0, "13_1.30\u20ac_54_1": 0.4, "14_*BURGER_54_1": 0.0, "15_EMM/CHEDDAR_54_1": 0.2727272727272727, "16_1.30\u20ac_54_1": 0.4, "17_*BROWNIE_54_1": 0.125, "18_2.66\u20ac_54_1": 0.4, "19_CHOC._54_1": 0.2, "20_0.510kg_54_1": 0.0, "21_1.95\u20ac/kg_54_1": 0.125, "22_x_54_1": 0.0, "23_*BANANE_54_1": 0.0, "24_0.99\u20ac_54_1": 0.4, "25_*AVOCAT_54_1": 0.14285714285714285, "26_1.40\u20ac_54_1": 0.4, "27_FFR_54_1": 0.0, "28_*450G_54_1": 0.2, "29_CALIN_54_1": 0.0, "30_NAT_54_1": 0.0, "31_1.59\u20ac_54_1": 0.4, "32_*400G_54_1": 0.2, "33_PITA_54_1": 0.0, "34_NATURE_54_1": 0.16666666666666666, "35_1.73\u20ac_54_1": 0.4, "36_*330GR_54_1": 0.3333333333333333, "37_BRASSERIE_54_1": 0.0, "38_BU_54_1": 0.0, "39_2.08\u20ac_54_1": 0.4, "40_*200GR_54_1": 0.3333333333333333, "41_POT_54_1": 0.0, "42_NUTELLA_54_1": 0.14285714285714285, "43_1.86\u20ac_54_1": 0.4, "44_*175G_54_1": 0.4, "45_CAKE_54_1": 0.0, "46_AND_54_1": 0.0, "47_CHOC_54_1": 0.0, "48_2.18\u20ac_54_1": 0.4, "49_DESCRIPTION_54_1": 0.0, "50_QTE_54_1": 0.0, "51_MONTANT_54_1": 0.2857142857142857, "0_MERCI_770_1": 0.2, "1_POUR_770_1": 0.0, "2_VOTRE_770_1": 0.0, "3_VISITE_770_1": 0.16666666666666666, "4_*****_770_1": 1.0, "5_*****_770_1": 0.8, "6_Montant:_770_1": 0.125, "7_7,00_770_1": 0.25, "8_EUR_770_1": 0.0, "9_Date:_770_1": 0.0, "10_14-01-17_770_1": 0.0, "11_16:17_770_1": 0.0, "12_Heure:_770_1": 0.16666666666666666, "13_1_770_1": 0.0, "14_Autorisation_770_1": 0.0, "15_Num:_770_1": 0.25, "16_._770_1": 1.0, "17_Operation_770_1": 0.0, "18_Num.._770_1": 0.2, "19_S/N:_770_1": 0.25, "20_90127701_770_1": 0.125, "21_EMV_770_1": 0.3333333333333333, "22_SANS_770_1": 0.0, "23_CONTACT_770_1": 0.0, "24_Carte:_770_1": 0.16666666666666666, "25_Num._770_1": 0.25, "26_VENTE_770_1": 0.0, "27_7,00_770_1": 0.25, "28_EMV_770_1": 0.0, "29_SANS_770_1": 0.0, "30_CONTACT_770_1": 0.0, "31_EUR_770_1": 0.0, "32_Total_770_1": 0.0, "33_-1_770_1": 1.0, "34_7,00_770_1": 0.25, "35_1_770_1": 0.0, "36_CARDIGAN_770_1": 0.0, "37_10002828_770_1": 0.0, "38_19,99_770_1": 1.0, "39_19,99_770_1": 0.2, "40_SF_770_1": 0.5, "41_2000_770_1": 0.0, "42_T_770_1": 0.0, "43_1_770_1": 0.0, "44_V_770_1": 1.0, "45_10001000_770_1": 0.0, "46_PULL-OVER_770_1": 0.1111111111111111, "0_0002_426_1": 0.0, "1_004_426_1": 0.0, "2_000374_426_1": 0.0, "3_18/04/2017_426_1": 0.0, "4_18:38:02_426_1": 0.0, "5_CARTE_426_1": 0.0, "6_BANCAIRE_426_1": 0.0, "7_EMV_426_1": 0.0, "8_EUR_426_1": 0.0, "9_5.67\u20ac_426_1": 0.4, "10_(S)_426_1": 0.6666666666666666, "11_4_426_1": 0.0, "12_ARTICLE_426_1": 0.0, "13_TOTAL_426_1": 0.0, "14_A_426_1": 1.0, "15_PAYER_426_1": 0.0, "16_5.67\u20ac_426_1": 0.4, "17_*X16_426_1": 0.0, "18_CHOCOLAT_426_1": 0.0, "19_BN_426_1": 1.0, "20_1.23\u20ac_426_1": 0.4, "21_*SDU_426_1": 0.0, "22_TRI_426_1": 0.3333333333333333, "23_JBN_426_1": 0.0, "24_CHEDDA_426_1": 0.0, "25_1.74\u20ac_426_1": 0.4, "26_ST_426_1": 1.0, "27_*PT_426_1": 0.3333333333333333, "28_VARIETE_426_1": 0.2857142857142857, "29_MX_426_1": 1.0, "30_1.65\u20ac_426_1": 0.4, "31_0.540kg_426_1": 0.0, "32_x_426_1": 0.0, "33_1.95\u20ac/kg_426_1": 0.25, "34_*BANANE_426_1": 0.0, "35_1.05\u20ac_426_1": 0.4, "0_Qty_receipt_00545_1": 0.3333333333333333, "1_:10_receipt_00545_1": 0.3333333333333333, "2_Total_receipt_00545_1": 0.6, "3_7_receipt_00545_1": 1.0, "4_Total_receipt_00545_1": 0.0, "5_item_receipt_00545_1": 0.5, "6_376,640_receipt_00545_1": 0.42857142857142855, "7_TOTAL_receipt_00545_1": 0.0, "8_34,240_receipt_00545_1": 0.16666666666666666, "9_TAX_receipt_00545_1": 1.0, "10_10%_receipt_00545_1": 0.3333333333333333, "11_22,400_receipt_00545_1": 0.3333333333333333, "12_7%_receipt_00545_1": 1.0, "13_SC_receipt_00545_1": 1.0, "14_320,000_receipt_00545_1": 0.0, "15_SUBTOTAL_receipt_00545_1": 0.25, "16_45,800_receipt_00545_1": 0.3333333333333333, "17_ASIN_receipt_00545_1": 1.0, "18_TLR_receipt_00545_1": 0.6666666666666666, "19_NO1.MR.MI_receipt_00545_1": 0.7777777777777778, "20_1_receipt_00545_1": 1.0, "21_44,400_receipt_00545_1": 0.16666666666666666, "22_ICE_receipt_00545_1": 0.3333333333333333, "23_R._receipt_00545_1": 1.0, "24_CT06.TEA_receipt_00545_1": 0.375, "25_0_receipt_00545_1": 1.0, "26_3_receipt_00545_1": 1.0, "27_27,600_receipt_00545_1": 0.16666666666666666, "28_HOT_receipt_00545_1": 0.6666666666666666, "29_R._receipt_00545_1": 0.0, "30_CT06.TEA_receipt_00545_1": 0.5, "31_0_receipt_00545_1": 1.0, "32_2_receipt_00545_1": 0.0, "33_40,800_receipt_00545_1": 0.3333333333333333, "34_ACP_receipt_00545_1": 1.0, "35_A13.MIE_receipt_00545_1": 0.5714285714285714, "36_1_receipt_00545_1": 2.0, "37_52,800_receipt_00545_1": 0.3333333333333333, "38_KAMPUNG_receipt_00545_1": 1.0, "39_BEBEK_receipt_00545_1": 0.2, "40_101.NS_receipt_00545_1": 0.5, "41_1_receipt_00545_1": 1.0, "42_52,800_receipt_00545_1": 0.3333333333333333, "43_1_receipt_00545_1": 1.0, "44_55,800_receipt_00545_1": 0.3333333333333333, "45_RNDANG_receipt_00545_1": 1.0, "46_M02.LMK_receipt_00545_1": 0.7142857142857143, "47_BEEF_receipt_00545_1": 0.25, "48_1_receipt_00545_1": 2.0, "0_0_receipt_00042_1": 1.0, "1_CHANGE DUE_receipt_00042_1": 0.0, "2_28,000_receipt_00042_1": 0.0, "3_CASH IDR_receipt_00042_1": 0.125, "4_28,000_receipt_00042_1": 0.3333333333333333, "5_GRAND TOTAL_receipt_00042_1": 0.18181818181818182, "6_SUB TOTAL_receipt_00042_1": 0.2222222222222222, "7_28,000_receipt_00042_1": 0.0, "8_X_receipt_00042_1": 1.0, "9_1_receipt_00042_1": 1.0, "10_28,000_receipt_00042_1": 0.16666666666666666, "11_28,000_receipt_00042_1": 0.0, "0_Change_X51005447850_1": 0.0, "1_2.00_X51005447850_1": 0.0, "2_Cash_X51005447850_1": 0.0, "3_5.20_X51005447850_1": 0.0, "4_Payment_X51005447850_1": 0.14285714285714285, "5_Customer's_X51005447850_1": 0.0, "6_3.20_X51005447850_1": 0.0, "7_Total_X51005447850_1": 0.0, "8_Includes_X51005447850_1": 0.0, "9_0%_X51005447850_1": 0.0, "10_GST_X51005447850_1": 0.0, "11_Qty:_X51005447850_1": 0.25, "12_3.20_X51005447850_1": 0.25, "13_*Total_X51005447850_1": 0.0, "14_1.00_X51005447850_1": 0.0, "15_1_X51005447850_1": 0.0, "16_ZRL_X51005447850_1": 0.0, "17_WALK_X51005447850_1": 0.0, "18_3.20_X51005447850_1": 0.0, "19_3.20_X51005447850_1": 0.25, "20_3.20_X51005447850_1": 0.25, "21_COFFEE_X51005447850_1": 0.0, "22_VANILLA_X51005447850_1": 0.0, "23_MILK_X51005447850_1": 0.0, "24_COFFEE_X51005447850_1": 0.0, "25_POKKA_X51005447850_1": 0.0, "26_Code_X51005447850_1": 0.0, "27_Tax_X51005447850_1": 0.0, "28_Price_X51005447850_1": 0.0, "29_Tax_X51005447850_1": 0.0, "30_QTY_X51005447850_1": 0.6666666666666666, "31_UOM_X51005447850_1": 1.0, "32_UNITAmt_X51005447850_1": 0.0, "33_GST_X51005447850_1": 0.0, "34_Exc._X51005447850_1": 0.25, "35_Amt_X51005447850_1": 0.0, "36_Inc._X51005447850_1": 0.25, "37_COUNTER_X51005447850_1": 0.0, "38_CASHIER:_X51005447850_1": 0.125, "39_11_X51005447850_1": 0.5, "40_4_X51005447850_1": 0.0, "41_TRN:_X51005447850_1": 0.25, "0_ _receipt_00311_0": 4.0, "0_MERCI_342_1": 0.0, "1_DE_342_1": 0.0, "2_VOTRE_342_1": 0.0, "3_VISITE_342_1": 0.0, "4_21/06/2017_342_1": 0.0, "5_0004_342_1": 0.0, "6_11:42:11_342_1": 0.0, "7_004_342_1": 0.0, "8_000110_342_1": 0.0, "9_8.05\u20ac_342_1": 0.4, "10_CB_342_1": 0.5, "11_EMV_342_1": 0.3333333333333333, "12_SANS_342_1": 0.0, "13_CONTACT_342_1": 0.0, "14_EUR_342_1": 0.0, "15_3_342_1": 0.0, "16_(S)_342_1": 0.6666666666666666, "17_TOTAL_342_1": 0.0, "18_A_342_1": 0.0, "19_PAYER_342_1": 0.0, "20_8.05\u20ac_342_1": 0.4, "21_ARTICLE_342_1": 0.0, "22_2.07\u20ac_342_1": 0.4, "23_*UACHE_342_1": 0.16666666666666666, "24_A_342_1": 0.0, "25_BOIRE_342_1": 0.2, "26_VANI_342_1": 0.5, "27_LEMON&LIME_342_1": 0.4, "28_1.56\u20ac_342_1": 0.0, "29_*BUBBLES_342_1": 0.0, "30_4.42\u20ac_342_1": 0.4, "31_*2406_342_1": 0.0, "32_SALADE_342_1": 0.0, "33_SAUNON_342_1": 0.16666666666666666, "34_DESCRIPTION_342_1": 0.0, "35_QTE_342_1": 0.3333333333333333, "36_MONTANT_342_1": 0.14285714285714285, "0_30/03/2018_X51005441398_2": 0.1, "1_11:11_X51005441398_2": 0.2, "2_PM_X51005441398_2": 1.0, "3_Total_X51005441398_2": 0.0, "4_189.75_X51005441398_2": 0.0, "5_Net_X51005441398_2": 0.3333333333333333, "6_Adj_X51005441398_2": 0.3333333333333333, "7_ing_X51005441398_2": 0.0, "8_0.01_X51005441398_2": 0.5, "9_Round_X51005441398_2": 0.0, "10_GST_X51005441398_2": 0.6666666666666666, "11_@6%:_X51005441398_2": 0.75, "12_10.74_X51005441398_2": 0.2, "13_179.00_X51005441398_2": 0.3333333333333333, "14_SubTotal_X51005441398_2": 0.0, "15_Tiger_X51005441398_2": 0.0, "16_50.00_X51005441398_2": 0.4, "17_SR_X51005441398_2": 0.0, "18_Bucket-_X51005441398_2": 0.14285714285714285, "19_HH_X51005441398_2": 0.0, "20_French_X51005441398_2": 0.0, "21_SR_X51005441398_2": 1.0, "22_Fries_X51005441398_2": 0.0, "23_12.00_X51005441398_2": 0.2, "24_wings_X51005441398_2": 0.0, "25_Chicken_X51005441398_2": 0.0, "26_22.00_X51005441398_2": 0.2, "27_SR_X51005441398_2": 0.0, "28_2_X51005441398_2": 1.0, "29_Tiger_X51005441398_2": 0.0, "30_Bucket-_X51005441398_2": 0.0, "31_HH_X51005441398_2": 0.0, "32_Tiger_X51005441398_2": 0.0, "33_SR_X51005441398_2": 0.0, "34_HH_X51005441398_2": 0.0, "35_95.00_X51005441398_2": 0.2, "36_Bucket_X51005441398_2": 0.0, "37_Dine_X51005441398_2": 0.0, "38_In_X51005441398_2": 0.0, "0_1,865_703_2": 0.2, "1_2,20_703_2": 0.75, "2_4,10_703_2": 0.25, "3_POMME_703_2": 0.0, "4_DE_703_2": 0.0, "5_TERRE_703_2": 0.0, "6_0,580_703_2": 0.2, "7_2,26_703_2": 0.0, "8_3,90_703_2": 0.25, "9_POMMES_703_2": 0.0, "10_3,04_703_2": 0.25, "11_3,40_703_2": 0.25, "12_0,895_703_2": 0.6, "13_3,00_703_2": 0.0, "14_1,77_703_2": 1.0, "15_0,590_703_2": 0.2, "16_1,60_703_2": 0.0, "17_1,60_703_2": 0.0, "18_1_703_2": 0.0, "19_Art_703_2": 0.0, "20_x_703_2": 0.0, "21_4,04_703_2": 0.0, "22_5,90_703_2": 0.75, "23_0,685_703_2": 0.2, "24_POIREAU_703_2": 0.0, "0_SATSUMA_receipt_00544_0": 1.0, "1_SHRIMP_receipt_00544_0": 0.8333333333333334, "2_1.00_receipt_00544_0": 1.0, "3_8,000.00_receipt_00544_0": 1.0, "4_8,000.00_receipt_00544_0": 1.0, "5_LEMONADE_receipt_00544_0": 1.0, "6_2.00_receipt_00544_0": 1.0, "7_8,000.00_receipt_00544_0": 1.0, "8_16,000.00_receipt_00544_0": 0.7777777777777778, "9_ISLAND_receipt_00544_0": 1.0, "10_THOUSAND_receipt_00544_0": 1.0, "11_DRESSING_receipt_00544_0": 1.0, "12_3,500.00_receipt_00544_0": 1.0, "13_SALAD_receipt_00544_0": 1.0, "14_1.00_receipt_00544_0": 1.0, "15_3,500.00_receipt_00544_0": 1.0, "16_SUSHI_receipt_00544_0": 1.0, "17_SALMON_receipt_00544_0": 1.0, "18_65,000.00_receipt_00544_0": 1.0, "19_65,000.00_receipt_00544_0": 1.0, "20_1.00_receipt_00544_0": 1.0, "0_X4_721_2": 0.5, "1_DELISSE_721_2": 0.0, "2_0.74_721_2": 0.25, "3_2_721_2": 0.0, "4_CREME_721_2": 0.0, "5_DESSERT_721_2": 0.0, "6_CHOCO_721_2": 0.6, "7_DELISSE,_721_2": 0.125, "8_0.77_721_2": 1.0, "9_2_721_2": 0.0, "10_CREME_721_2": 0.0, "11_DESSERT_721_2": 0.0, "12_CAFE_721_2": 0.0, "13_X4_721_2": 0.5, "14_FRAIS_721_2": 0.2, "15_M_721_2": 1.0, "16_BOX,1P_721_2": 0.3333333333333333, "17_1.15_721_2": 0.0, "18_2_721_2": 0.0, "19_10_721_2": 0.0, "20_OEUFS_721_2": 0.2, "21_CAL_721_2": 0.0, "22_1.15_721_2": 0.0, "23_EMMENTAL_721_2": 0.25, "24_RAPE_721_2": 0.0, "25_29%_721_2": 0.3333333333333333, "26_200G_721_2": 0.25, "27_ECO+,20_721_2": 0.14285714285714285, "28_4.14\u20ac_721_2": 0.4, "29_8.28_721_2": 0.25, "30_2_721_2": 0.0, "31_2_721_2": 0.0, "32_X_721_2": 0.0, "33_CHARENTE_721_2": 0.0, "34_UHT_721_2": 0.3333333333333333, "35_BK_721_2": 0.0, "36_POITOU_721_2": 0.16666666666666666, "37_0.83_721_2": 0.0, "38_VELOUTE_721_2": 0.0, "39_NATURE_721_2": 0.0, "40_2_721_2": 0.0, "41_DANETTE_721_2": 0.0, "42_1.16_721_2": 0.25, "43_2_721_2": 0.0, "44_CREMERIE_721_2": 0.25, "45_FRAIS,_721_2": 0.0, "46_1.15L_721_2": 0.2, "47_3.34_721_2": 0.75, "48_ENVOLEE.AIR_721_2": 0.0, "49_LENOR_721_2": 0.0, "50_PLIS_721_2": 0.0, "51_MIMOSA_721_2": 0.5, "52_2.58_721_2": 0.0, "53_PH_721_2": 0.0, "54_BLANC_721_2": 0.0, "55_X6_721_2": 0.5, "56_5_721_2": 1.0, "57_SERVIETTES_721_2": 0.0, "58_MAXI_721_2": 0.5, "59_VANIAX14_721_2": 0.125, "60_2.41_721_2": 0.0, "61_FRESH_721_2": 0.2, "62_CROIX_721_2": 0.0, "63_SEYCHELLES_721_2": 0.0, "64_1.875L_721_2": 0.16666666666666666, "65_0.85_721_2": 0.0, "66_SUPER_721_2": 0.0, "67_D.P.H_721_2": 0.0, "68_5.58_721_2": 0.0, "69_ULTIMA_721_2": 0.16666666666666666, "70_CHAT_721_2": 0.0, "0_MERCI_2_1": 0.0, "1_DE_2_1": 0.0, "2_VOTRE_2_1": 0.0, "3_VISITE_2_1": 0.0, "4_004_2_1": 0.0, "5_0006_2_1": 0.0, "6_000083_2_1": 0.0, "7_27/02/2017_2_1": 0.1, "8_12:03:43_2_1": 0.125, "9_CB_2_1": 0.5, "10_EMV_2_1": 0.0, "11_SANS_2_1": 0.0, "12_CONTACT_2_1": 0.0, "13_EUR_2_1": 0.0, "14_8.08\u20ac_2_1": 0.4, "15_TOTAL._2_1": 0.16666666666666666, "16_ARTICLE(S)_2_1": 0.0, "17_3_2_1": 0.0, "18_A_2_1": 0.0, "19_PAYER_2_1": 0.0, "20_8.08\u20ac_2_1": 0.6, "21_*VACHE_2_1": 0.16666666666666666, "22_BOIRE_2_1": 0.0, "23_VANI_2_1": 0.5, "24_A_2_1": 1.0, "25_1.99\u20ac_2_1": 0.4, "26_*COUSCOUS_2_1": 0.5555555555555556, "27_MAROCAINE_2_1": 0.2222222222222222, "28_3.65\u20ac_2_1": 0.4, "29_*250G_2_1": 0.2, "30_P.COOKIE_2_1": 0.0, "31_PEP_2_1": 0.0, "32_2.446_2_1": 0.4, "33_DESCRIPTION_2_1": 0.0, "34_QTE_2_1": 0.0, "35_MONTANT_2_1": 0.14285714285714285, "0_163,000_receipt_00124_0": 0.0, "1_GURAME_receipt_00124_0": 0.16666666666666666, "2_FILLET_receipt_00124_0": 0.16666666666666666, "3_M_receipt_00124_0": 1.0, "4_1_receipt_00124_0": 0.0, "5_=*MEDIUM*=_receipt_00124_0": 1.0, "6_84,000_receipt_00124_0": 0.16666666666666666, "7_TELOR_receipt_00124_0": 0.4, "8_OYONG_receipt_00124_0": 0.6, "9_3_receipt_00124_0": 1.0, "10_1_receipt_00124_0": 2.0, "11_=*MEDIUM*=_receipt_00124_0": 0.7, "12_87,000_receipt_00124_0": 0.16666666666666666, "13_BIHUN_receipt_00124_0": 1.0, "14_GORENG_receipt_00124_0": 0.16666666666666666, "15_JJ_receipt_00124_0": 1.0, "16_1_receipt_00124_0": 1.0, "17_=*MEDIUM*=_receipt_00124_0": 0.7, "18_129,000_receipt_00124_0": 0.0, "19_GR_receipt_00124_0": 2.0, "20_JUNJAN_receipt_00124_0": 0.8333333333333334, "21_CUMI_receipt_00124_0": 1.0, "22_1_receipt_00124_0": 0.0, "23_=*MEDIUM*=_receipt_00124_0": 0.6, "24_129,000_receipt_00124_0": 0.0, "25_SEAFOOD_receipt_00124_0": 0.2857142857142857, "26_SAPO_receipt_00124_0": 1.0, "27_TH_receipt_00124_0": 1.0, "28_1_receipt_00124_0": 2.0, "29_=*MEDIUM*=_receipt_00124_0": 0.4, "30_165,000_receipt_00124_0": 0.0, "31_TLUR_receipt_00124_0": 0.25, "32_ASIN_receipt_00124_0": 0.25, "33_GR_receipt_00124_0": 1.0, "34_UDG_receipt_00124_0": 1.0, "35_1_receipt_00124_0": 1.0, "0_12.000_receipt_00796_1": 0.8333333333333334, "1_40.000_receipt_00796_1": 0.6666666666666666, "2_Cash_receipt_00796_1": 0.0, "3_Total._receipt_00796_1": 1.0, "4_28.000_receipt_00796_1": 0.3333333333333333, "5_Total_receipt_00796_1": 1.0, "6_Item:_receipt_00796_1": 1.0, "7_2_receipt_00796_1": 1.0, "8_0_receipt_00796_1": 1.0, "9_x1_receipt_00796_1": 1.0, "10_0_receipt_00796_1": 2.0, "11_Bag_receipt_00796_1": 1.0, "12_6001-Plastic_receipt_00796_1": 1.0, "13_Small_receipt_00796_1": 0.4, "14_28.000_receipt_00796_1": 1.0, "15_x1_receipt_00796_1": 1.0, "16_28.000_receipt_00796_1": 1.0, "17_1066-Choconut_receipt_00796_1": 1.0, "18_Bun_receipt_00796_1": 0.6666666666666666, "0_06_603_0": 0.0, "1_28_603_0": 0.5, "2_37_603_0": 0.5, "3_91_603_0": 0.5, "4_04_603_0": 0.0, "5_06_603_0": 0.0, "6_66_603_0": 0.0, "7_69_603_0": 0.5, "8_35_603_0": 1.0, "9_29_603_0": 0.5, "10_17290_603_0": 0.0, "11_Ballon_603_0": 0.16666666666666666, "12_16_603_0": 0.0, "13_Rue_603_0": 0.0, "14_de_603_0": 0.0, "15_hotel_603_0": 0.0, "16_I_603_0": 1.0, "17_ville_603_0": 0.0, "18_de_603_0": 0.0, "0_LE_749_2": 0.0, "1_GOUT_749_2": 0.75, "2_DU_749_2": 2.0, "3_SERUICE_749_2": 0.0, "4_Ar_749_2": 0.0, "5_visite_749_2": 0.0, "6_revoir_749_2": 0.0, "7_Merci_749_2": 0.0, "8_de_749_2": 0.0, "9_votre_749_2": 0.2, "10_au_749_2": 0.0, "11_et_749_2": 1.5, "12_ient@areas.com_749_2": 0.07142857142857142, "13_servicecl_749_2": 0.0, "14_part_749_2": 0.0, "15_remarques_749_2": 0.0, "16_Faites-nous_749_2": 0.0, "17_de_749_2": 0.0, "18_vos_749_2": 0.0, "19_a_749_2": 0.0, "0_001/414_667_4": 0.14285714285714285, "1_14/05/2017_667_4": 0.0, "2_N001550_667_4": 0.8571428571428571, "3_11:14:13_667_4": 0.0, "4_MERCI_667_4": 0.0, "5_DE_667_4": 0.0, "6_VOTRE_667_4": 0.4, "7_FIDELITE._667_4": 0.0, "8_fidelice_667_4": 1.0, "9_Bon(s)_667_4": 0.0, "10_ave:_667_4": 0.0, "11_Vous_667_4": 0.0, "12_0_667_4": 1.0, "13_d'achat_667_4": 0.0, "14_points_667_4": 0.0, "15_credites_667_4": 0.375, "16_Points_667_4": 0.0, "17_115_667_4": 0.0, "18_points_667_4": 0.0, "19_Ancien_667_4": 0.0, "20_Solde_667_4": 0.2, "21_158_667_4": 0.0, "22_Compte_667_4": 0.16666666666666666, "23_Fidelite_667_4": 1.0, "24_200_667_4": 0.0, "25_Carte_667_4": 0.0, "26_:_667_4": 1.0, "27_016204956_667_4": 0.2222222222222222, "0_0007_115_1": 0.0, "1_004_115_1": 0.0, "2_000132_115_1": 0.0, "3_28/01/2017_115_1": 0.0, "4_12:27:23_115_1": 0.125, "5_CARTE_115_1": 0.0, "6_BANCAIRE_115_1": 0.0, "7_EMV_115_1": 0.0, "8_EUR_115_1": 0.0, "9_19.79\u20ac_115_1": 0.3333333333333333, "10_6_115_1": 0.0, "11_ARTICLE_115_1": 0.0, "12_(S)_115_1": 1.0, "13_TOTAL_115_1": 0.0, "14_A_115_1": 0.0, "15_PAYER_115_1": 0.0, "16_19.79\u20ac_115_1": 0.3333333333333333, "17_*PAIN_115_1": 0.2, "18_CAMPAGNE_115_1": 0.125, "19_DE_115_1": 0.0, "20_1.61\u20ac_115_1": 0.4, "21_1.83\u20ac_115_1": 0.4, "22_0.2473_115_1": 0.0, "23_x_115_1": 1.0, "24_14.15\u20ac_115_1": 0.3333333333333333, "25_*ESCALOPE_115_1": 0.1111111111111111, "26_DINDE_115_1": 0.0, "27_3.50\u20ac_115_1": 0.4, "28_*CORDON_115_1": 0.14285714285714285, "29_BLEU_115_1": 0.0, "30_DINDE_115_1": 0.0, "31_1.98\u20ac_115_1": 0.4, "32_*1/2_115_1": 0.25, "33_COURGET.PROV._115_1": 0.0, "34_3.39\u20ac_115_1": 0.2, "35_*1/2_115_1": 0.25, "36_CONFIT_115_1": 0.16666666666666666, "37_AUBERGI_115_1": 0.14285714285714285, "38_3.48\u20ac_115_1": 0.4, "0_:_325_0": 1.0, "1_Tel_325_0": 0.0, "2_17000_325_0": 0.0, "3_LA_325_0": 0.0, "4_ROCHELLE_325_0": 0.0, "5_33_325_0": 1.0, "6_RUE_325_0": 0.0, "7_DE_325_0": 0.0, "8_LA_325_0": 0.0, "9_SCIERIE_325_0": 0.0, "10_CRF-CITY_325_0": 0.125, "11_LA_325_0": 0.0, "12_ROCHELLE_325_0": 0.0, "0_GRAND TOTAL_receipt_00242_0": 0.09090909090909091, "1_19,000_receipt_00242_0": 0.16666666666666666, "2_TOTAL_receipt_00242_0": 0.0, "3_SUB_receipt_00242_0": 1.0, "4_19,000_receipt_00242_0": 0.16666666666666666, "5_19,000_receipt_00242_0": 0.16666666666666666, "6_X_receipt_00242_0": 1.0, "7_19,000_receipt_00242_0": 0.16666666666666666, "8_1_receipt_00242_0": 0.0, "9_STIX CINNAMON_receipt_00242_0": 0.0, "0_Bayar_receipt_00714_1": 0.0, "1_10.000_receipt_00714_1": 0.16666666666666666, "2_=_receipt_00714_1": 1.0, "3_Kembali=_receipt_00714_1": 0.0, "4_2.000_receipt_00714_1": 0.0, "5_Total_receipt_00714_1": 0.2, "6_Item:_receipt_00714_1": 0.4, "7_1_receipt_00714_1": 0.0, "8_:_receipt_00714_1": 2.0, "9_SubTotal_receipt_00714_1": 0.375, "10_8,000_receipt_00714_1": 0.4, "11_1_receipt_00714_1": 2.0, "12_x_receipt_00714_1": 1.0, "13_8000_receipt_00714_1": 1.25, "14_8.000_receipt_00714_1": 0.0, "15_-YJP11037_receipt_00714_1": 0.1111111111111111, "0_24-01-18_X51005361950_0": 0.0, "1_568582_X51005361950_0": 0.16666666666666666, "2_10:43AM_X51005361950_0": 0.0, "3_:_X51005361950_0": 0.0, "4_NO_X51005361950_0": 0.0, "5_INVOICE_X51005361950_0": 0.0, "6_000181747712_X51005361950_0": 0.08333333333333333, "7_NO_X51005361950_0": 0.5, "8_:_X51005361950_0": 0.0, "9_ID._X51005361950_0": 0.0, "10_GST_X51005361950_0": 0.3333333333333333, "11_1076-IJOK_X51005361950_0": 0.5555555555555556, "12_SELANGOR_X51005361950_0": 0.125, "13_KLANG,_X51005361950_0": 0.0, "14_41150_X51005361950_0": 0.0, "15_P.T._X51005361950_0": 0.75, "16_2811,_X51005361950_0": 0.0, "17_LOT_X51005361950_0": 0.6666666666666666, "18_S/B(519537-X)_X51005361950_0": 0.38461538461538464, "19_MART_X51005361950_0": 0.25, "20_SPEED_X51005361950_0": 0.0, "21_99_X51005361950_0": 0.0, "0_ _receipt_00355_0": 0.0, "0_A_90_2": 0.0, "1_BIENTOT_90_2": 0.0, "2_MERCI_90_2": 0.0, "3_DE_90_2": 0.0, "4_VOTRE_90_2": 0.0, "5_VISITE_90_2": 0.0, "6_18/01/2017_90_2": 0.0, "7_19:40:30_90_2": 0.0, "8_003_90_2": 0.0, "9_000419_90_2": 0.0, "10_produits_90_2": 0.0, "11_Carrefou_90_2": 0.0, "12_0.07\u20ac_90_2": 0.4, "13_5%_90_2": 0.0, "14_Details:_90_2": 0.0, "0_2.000_receipt_00134_1": 0.4, "1_Kembalian_receipt_00134_1": 0.6666666666666666, "2_56.000_receipt_00134_1": 0.3333333333333333, "3_54.000_receipt_00134_1": 0.3333333333333333, "4_Total_receipt_00134_1": 0.4, "5_54.000_receipt_00134_1": 0.3333333333333333, "6_Subtotal_receipt_00134_1": 0.625, "0_CHANGE_receipt_00170_1": 0.0, "1_16,000_receipt_00170_1": 0.0, "2_DUE_receipt_00170_1": 0.0, "3_50,000_receipt_00170_1": 0.0, "4_CASH_receipt_00170_1": 0.0, "5_IDR_receipt_00170_1": 0.0, "6_34,000_receipt_00170_1": 0.0, "0_BIENTOT_312_2": 0.0, "1_VISITE_312_2": 0.0, "2_DE_312_2": 0.0, "3_VOTRE_312_2": 0.0, "4_MERCI_312_2": 0.0, "0_DESCRIPTION_459_0": 0.0, "1_QTE_459_0": 0.3333333333333333, "2_MONTANT_459_0": 0.14285714285714285, "3_:_459_0": 1.0, "4_Tel_459_0": 0.0, "5_17000_459_0": 0.0, "6_LA_459_0": 0.5, "7_ROCHELLE_459_0": 0.0, "8_33_459_0": 0.0, "9_RUE_459_0": 0.0, "10_DE_459_0": 0.0, "11_LA_459_0": 0.0, "12_SCIERIE_459_0": 0.14285714285714285, "13_CRF-CITY_459_0": 0.0, "14_LA_459_0": 0.0, "15_ROCHELLE_459_0": 0.0, "0_45,000_receipt_00399_0": 0.16666666666666666, "1_BULGOGI_receipt_00399_0": 0.14285714285714285, "2_SET_receipt_00399_0": 0.0, "3_1_receipt_00399_0": 1.0, "0_Tel_31_0": 0.0, "1_17000_31_0": 0.0, "2_LA_31_0": 0.0, "3_ROCHELLE_31_0": 0.0, "4_33_31_0": 0.0, "5_RUE_31_0": 0.0, "6_DE_31_0": 0.0, "7_LA_31_0": 0.0, "8_SCIERIE_31_0": 0.14285714285714285, "9_ROCHELLE_31_0": 0.0, "10_CRF-CITY_31_0": 0.125, "11_LA_31_0": 0.0, "0_Num_656_0": 0.0, "1_Ticket:_656_0": 0.14285714285714285, "2_167_656_0": 0.0, "3_Rayon_656_0": 0.0, "4_Vendeur:_656_0": 0.125, "5_2_656_0": 0.0, "6_Violaine_656_0": 0.0, "7_Date_656_0": 0.0, "8_17/06/2017_656_0": 0.0, "9_11:47_656_0": 0.0, "10_Balance:_656_0": 0.0, "11_3_656_0": 1.0, "12_Client:_656_0": 0.0, "13_17_656_0": 1.0, "14_63_656_0": 0.0, "15_28_656_0": 0.0, "16_50_656_0": 0.0, "17_44_656_0": 1.0, "18_PRI_656_0": 0.0, "19_MEURS_656_0": 0.0, "20_17_656_0": 0.0, "0_44,000_receipt_00064_0": 0.0, "1_804700027_receipt_00064_0": 0.0, "2_ASI)_receipt_00064_0": 0.0, "3_KACA_receipt_00064_0": 0.0, "4_BOTOL_receipt_00064_0": 0.0, "0_magasin._653_3": 0.125, "1_voir_653_3": 0.25, "2_conditions_653_3": 0.0, "3_en_653_3": 0.0, "4_pendant_653_3": 0.0, "5_Retour_653_3": 0.0, "6_marchandises_653_3": 0.0, "7_un_653_3": 0.0, "8_mois_653_3": 0.0, "9_le_653_3": 0.0, "10_LIDL,_653_3": 0.0, "11_prix_653_3": 0.0, "12_vrai_653_3": 0.0, "13_des_653_3": 0.0, "14_bonnes_653_3": 0.0, "15_choses_653_3": 0.0, "16_141663/01_653_3": 0.0, "17_1063_653_3": 0.0, "18_24.04.17_653_3": 0.0, "0_TOTAL_receipt_00486_0": 0.0, "1_SUB_receipt_00486_0": 1.0, "2_28,000_receipt_00486_0": 0.16666666666666666, "3_28,000_receipt_00486_0": 0.16666666666666666, "4_x_receipt_00486_0": 0.0, "5_28,000_receipt_00486_0": 0.16666666666666666, "6_1_receipt_00486_0": 1.0, "0_03/03/2017_312_1": 0.0, "1_11:54:28_312_1": 0.0, "2_000026_312_1": 0.0, "3_004_312_1": 0.0, "4_0002_312_1": 0.0, "5_7.83\u20ac_312_1": 0.6, "6_CONTACT_312_1": 0.0, "7_EUR_312_1": 0.0, "8_EMV_312_1": 0.0, "9_SANS_312_1": 0.0, "10_CB_312_1": 0.5, "11_7.83\u20ac_312_1": 0.4, "12_PAYER_312_1": 0.0, "13_ARTICLE(S)_312_1": 0.0, "14_A_312_1": 1.0, "15_TOTAL_312_1": 1.0, "16_4_312_1": 1.0, "17_1.92\u20ac_312_1": 0.4, "18_BOIRE_312_1": 0.0, "19_YRT_312_1": 0.0, "20_*VACHE_312_1": 0.16666666666666666, "21_A_312_1": 1.0, "22_1.68\u20ac_312_1": 0.4, "23_POM/PEC/_312_1": 0.125, "24_*DESS.FRTS_312_1": 0.1, "25_3.32\u20ac_312_1": 0.4, "26_SAUMON_312_1": 0.3333333333333333, "27_SALADE_312_1": 0.0, "28_*CRF_312_1": 0.25, "29_0.91\u20ac_312_1": 0.4, "30_GAL.MAIS_312_1": 0.125, "31_BIO_312_1": 0.3333333333333333, "32_*1156_312_1": 0.0, "33_MONTANT_312_1": 0.2857142857142857, "34_QTE_312_1": 1.0, "35_DESCRIPTION_312_1": 0.0, "0_Visa_receipt_00439_1": 0.75, "1_(M)_receipt_00439_1": 1.3333333333333333, "2_1126510_receipt_00439_1": 0.14285714285714285, "3_Payment_receipt_00439_1": 0.5714285714285714, "4_1126510_receipt_00439_1": 0.0, "5_Tax_receipt_00439_1": 0.3333333333333333, "6_102410_receipt_00439_1": 0.16666666666666666, "7_Service_receipt_00439_1": 0.14285714285714285, "8_Charge_receipt_00439_1": 0.3333333333333333, "9_93100_receipt_00439_1": 0.4, "10_Discount_receipt_00439_1": 0.125, "11_129000-_receipt_00439_1": 0.14285714285714285, "12_total_receipt_00439_1": 0.2, "13_TTL_receipt_00439_1": 1.0, "14_Beer_receipt_00439_1": 0.25, "15_415000_receipt_00439_1": 0.16666666666666666, "16_TTL_receipt_00439_1": 1.0, "17_645000_receipt_00439_1": 0.3333333333333333, "18_Food_receipt_00439_1": 0.25, "19_BCA_receipt_00439_1": 0.3333333333333333, "20_DISC_receipt_00439_1": 1.0, "21_129000-_receipt_00439_1": 0.14285714285714285, "22_20%_receipt_00439_1": 0.3333333333333333, "23_20.0000_receipt_00439_1": 0.2857142857142857, "24_%_receipt_00439_1": 3.0, "25_1_receipt_00439_1": 1.0, "26_PaulanerP1_receipt_00439_1": 0.5, "27_385000_receipt_00439_1": 0.16666666666666666, "28_1_receipt_00439_1": 1.0, "29_DarkBeer0.3L_receipt_00439_1": 0.5833333333333334, "30_79000_receipt_00439_1": 0.2, "0_TOUTE_578_2": 0.0, "1_L'EQUIPE_578_2": 0.0, "2_DE_578_2": 0.0, "3_MARKET_578_2": 0.0, "4_000131_578_2": 0.0, "5_19/03/2017_578_2": 0.1, "6_0103_578_2": 0.25, "7_001_578_2": 1.0, "8_12:07:55_578_2": 0.125, "9_:_578_2": 1.0, "10_Carte_578_2": 0.0, "11_EUR_578_2": 0.0, "12_4.51\u20ac_578_2": 0.4, "13_CARTE_578_2": 0.0, "14_BANCAIRE_578_2": 0.125, "15_EMV_578_2": 0.3333333333333333, "16_6_578_2": 0.0, "17_TOTAL_578_2": 0.0, "18_PAYER_578_2": 0.0, "19_4.51\u20ac_578_2": 0.4, "20_ARTICLE(S)_578_2": 0.0, "21_A_578_2": 0.0, "0_Tel_308_0": 0.0, "1_17000_308_0": 0.0, "2_LA_308_0": 0.0, "3_ROCHELLE_308_0": 0.0, "4_33_308_0": 0.0, "5_RUE_308_0": 0.0, "6_DE_308_0": 0.0, "7_LA_308_0": 0.0, "8_SCIERIE_308_0": 0.0, "9_CRF-CITY_308_0": 0.0, "10_LA_308_0": 0.5, "11_ROCHELLE_308_0": 0.0, "0_Tick_607_2": 0.0, "1_121_607_2": 0.0, "2_VENDEUR_607_2": 0.0, "3_O_607_2": 1.0, "0_Merci_722_4": 0.4, "1_de_722_4": 1.0, "2_votre_722_4": 0.0, "3_visite._722_4": 0.0, "4_A_722_4": 1.0, "5_bientot._722_4": 0.125, "6_le_722_4": 0.5, "7_samedi_722_4": 1.0, "8_9h_722_4": 0.5, "9_-20h_722_4": 0.5, "10_le_722_4": 0.0, "11_vendredi_722_4": 0.125, "12_9h_722_4": 0.5, "13_21h_722_4": 0.3333333333333333, "14_Du_722_4": 0.5, "15_lundi_722_4": 0.6, "16_jeudi_722_4": 1.0, "17_au_722_4": 0.5, "18_9h_722_4": 1.0, "19_20h_722_4": 0.6666666666666666, "20_122_722_4": 0.3333333333333333, "21_FG_722_4": 1.0, "22_20/01/17_722_4": 0.0, "23_20:33_722_4": 0.0, "24_16_722_4": 0.5, "25_277200_722_4": 0.0, "26_Operateur_722_4": 0.2222222222222222, "27_Date_722_4": 0.0, "28_Heure_722_4": 0.4, "29_TPU_722_4": 0.6666666666666666, "30_Ticket_722_4": 0.0, "31_0.30_722_4": 0.25, "32_\u20ac_722_4": 1.0, "33_VOUS_722_4": 1.0, "34_AVEC_722_4": 1.0, "35_LA_722_4": 1.0, "36_CARTE_722_4": 0.0, "37_AURIEZ_722_4": 0.16666666666666666, "38_OBTENU_722_4": 0.0, "39_13/Taux_722_4": 0.42857142857142855, "40_Normal_722_4": 0.16666666666666666, "41_20%_722_4": 0.0, "42_0,67_722_4": 0.25, "43_\u20ac_722_4": 1.0, "44_Reduit_722_4": 0.0, "45_5,5%_722_4": 0.5, "46_11/_722_4": 1.0, "47_Taux_722_4": 0.75, "48_3,01_722_4": 0.25, "49_\u20ac_722_4": 0.0, "50_CARTE_722_4": 0.0, "51_BANCAIRE_722_4": 0.125, "52_EUR_722_4": 0.0, "53_61,81_722_4": 0.2, "54_\u20ac_722_4": 1.0, "0_EDC_receipt_00642_1": 0.0, "1_90.000_receipt_00642_1": 0.0, "2_Total_receipt_00642_1": 0.0, "3_90.000_receipt_00642_1": 0.0, "4_Subtotal_receipt_00642_1": 0.0, "5_90.000_receipt_00642_1": 0.16666666666666666, "0_MERCI_32_1": 0.0, "1_DE_32_1": 0.0, "2_VOTRE_32_1": 0.0, "3_VISITE_32_1": 0.0, "4_21/02/2017_32_1": 0.0, "5_003_32_1": 0.0, "6_000058_32_1": 0.0, "7_12:12:56_32_1": 0.125, "8_CARTE_32_1": 0.0, "9_BANCAIRE_32_1": 0.0, "10_EMV_32_1": 0.3333333333333333, "11_EUR_32_1": 0.0, "12_3.88\u20ac_32_1": 0.4, "13_3_32_1": 0.0, "14_ALTICLE_32_1": 0.14285714285714285, "15_(S)_32_1": 0.3333333333333333, "16_TOTAL_32_1": 0.0, "17_A_32_1": 0.0, "18_PAYER_32_1": 0.0, "19_3.88\u20ac_32_1": 0.4, "20_*TRIAN_32_1": 0.16666666666666666, "21_PLT_32_1": 0.0, "22_ROTI_32_1": 0.0, "23_MAYO_32_1": 0.75, "24_1.94\u20ac_32_1": 0.4, "25_*HAXI_32_1": 0.6, "26_FOULET_32_1": 0.0, "27_CRUDIT_32_1": 0.0, "28_1.74e_32_1": 0.4, "29_*CRISTILINE_32_1": 0.36363636363636365, "30_1.5L_32_1": 0.5, "31_0.20\u20ac_32_1": 0.4, "32_PTION_32_1": 0.0, "33_QTE_32_1": 1.3333333333333333, "34_MONTANT_32_1": 0.2857142857142857, "0_Change:_receipt_00430_1": 0.14285714285714285, "1_13.000_receipt_00430_1": 0.0, "2_100.000_receipt_00430_1": 0.0, "3_Tendered:_receipt_00430_1": 0.0, "4_Cash_receipt_00430_1": 0.0, "5_87.000_receipt_00430_1": 0.0, "6_Total._receipt_00430_1": 0.0, "7_3_receipt_00430_1": 0.0, "8_Total_receipt_00430_1": 0.0, "9_Item:_receipt_00430_1": 0.0, "10_62.000_receipt_00430_1": 0.0, "11_62.000_receipt_00430_1": 0.0, "12_x1_receipt_00430_1": 1.0, "13_Cookies_receipt_00430_1": 0.0, "14_0_receipt_00430_1": 1.0, "15_x1_receipt_00430_1": 2.0, "16_0_receipt_00430_1": 1.0, "17_Bag_receipt_00430_1": 0.0, "18_Small_receipt_00430_1": 0.2, "19_25.000_receipt_00430_1": 0.0, "20_x1_receipt_00430_1": 1.0, "21_25.000_receipt_00430_1": 0.0, "0_ _receipt_00751_0": 4.0, "0_MERCI_350_1": 0.0, "1_DE_350_1": 0.0, "2_VOTRE_350_1": 0.0, "3_VISITE_350_1": 0.0, "4_0004_350_1": 0.0, "5_004_350_1": 0.0, "6_21/06/2017_350_1": 0.0, "7_000112_350_1": 0.0, "8_11:42:50_350_1": 0.0, "9_CB_350_1": 0.0, "10_EMV_350_1": 0.3333333333333333, "11_SANS_350_1": 0.0, "12_CONTACT_350_1": 0.0, "13_EUR_350_1": 0.0, "14_4.62\u20ac_350_1": 0.4, "15_TOTAL_350_1": 0.0, "16_2_350_1": 0.0, "17_ARTICLE(S)_350_1": 0.0, "18_4.62\u20ac_350_1": 0.2, "19_*SALADE_350_1": 0.0, "20_VENEZIA_350_1": 0.14285714285714285, "21_4.23\u20ac_350_1": 0.4, "22_0.170kg_350_1": 0.14285714285714285, "23_x_350_1": 0.0, "24_2.90\u20ac/kg_350_1": 0.125, "25_*POHME_350_1": 0.16666666666666666, "26_GOLDEN_350_1": 0.16666666666666666, "27_GROSSE_350_1": 0.16666666666666666, "28_0.49\u20ac_350_1": 0.6, "0_Kembalian_receipt_00765_1": 0.1111111111111111, "1_0_receipt_00765_1": 0.0, "2_CASH_receipt_00765_1": 0.75, "3_25.000_receipt_00765_1": 0.16666666666666666, "4_Total_receipt_00765_1": 0.2, "5_25.000_receipt_00765_1": 0.16666666666666666, "6_Subtotal_receipt_00765_1": 0.25, "7_25.000_receipt_00765_1": 0.16666666666666666, "8_+M_receipt_00765_1": 1.5, "0_POS_X51005441407_0": 0.0, "1_Pax_X51005441407_0": 0.0, "2_Invoice_X51005441407_0": 0.0, "3_581355_X51005441407_0": 0.0, "4_Cashier_X51005441407_0": 0.0, "5_NINI_X51005441407_0": 0.0, "6_INVOICE_X51005441407_0": 0.0, "7_TAX_X51005441407_0": 0.0, "8_NO:_X51005441407_0": 0.3333333333333333, "9_7745055_X51005441407_0": 0.0, "10_010_X51005441407_0": 0.0, "11_GST_X51005441407_0": 0.3333333333333333, "12_REG_X51005441407_0": 0.3333333333333333, "13_NO:_X51005441407_0": 0.3333333333333333, "14_TEL:_X51005441407_0": 0.25, "15_0255_X51005441407_0": 0.0, "16_03_X51005441407_0": 0.0, "17_8079_X51005441407_0": 0.0, "18_Selangor_X51005441407_0": 0.0, "19_Puchong._X51005441407_0": 0.125, "20_47170_X51005441407_0": 0.0, "21_Puchong_X51005441407_0": 0.0, "22_Jaya,_X51005441407_0": 0.2, "23_Kenari_X51005441407_0": 0.3333333333333333, "24_Bandar_X51005441407_0": 0.16666666666666666, "25_Jalan_X51005441407_0": 0.2, "26_Boulevard,_X51005441407_0": 0.1, "27_Lot_X51005441407_0": 0.0, "28_38._X51005441407_0": 0.3333333333333333, "29_39_X51005441407_0": 0.0, "30_965857-A_X51005441407_0": 0.0, "31_Bhd_X51005441407_0": 0.0, "32_Taste_X51005441407_0": 0.2, "33_Of_X51005441407_0": 0.5, "34_The_X51005441407_0": 0.3333333333333333, "35_World_X51005441407_0": 0.4, "36_Sdn_X51005441407_0": 0.0, "0_MERCI_124_1": 0.0, "1_DE_124_1": 0.0, "2_VOTRE_124_1": 0.0, "3_VISITE_124_1": 0.0, "4_0008_124_1": 0.0, "5_004_124_1": 0.0, "6_000060_124_1": 0.0, "7_12/04/2016_124_1": 0.1, "8_12:01:52_124_1": 0.0, "9_CARTE_124_1": 0.0, "10_BANCAIRE_124_1": 0.0, "11_EMV_124_1": 0.3333333333333333, "12_EUR_124_1": 0.0, "13_6.84\u20ac_124_1": 0.4, "14_3_124_1": 0.0, "15_ARTICLE_124_1": 0.0, "16_(S)_124_1": 0.6666666666666666, "17_TOTAL_124_1": 0.0, "18_PAYER_124_1": 0.0, "19_A_124_1": 1.0, "20_6.84\u20ac_124_1": 0.4, "21_SALADE_124_1": 0.0, "22_VENEZIA_124_1": 0.42857142857142855, "23_4.23\u20ac_124_1": 0.4, "24_PIM'S_124_1": 0.2, "25_FRAHBOISE_124_1": 0.0, "26_LU_124_1": 1.0, "27_1.46\u20ac_124_1": 0.4, "28_CIABATTA_124_1": 0.0, "29_1.15\u20ac_124_1": 0.4, "0_ _receipt_00704_0": 2.0, "0_+A_receipt_00165_0": 1.0, "1_+Cheese_receipt_00165_0": 0.14285714285714285, "2_+Monster_receipt_00165_0": 0.125, "3_21.000_receipt_00165_0": 0.0, "4_Chicken_receipt_00165_0": 0.0, "5_1_receipt_00165_0": 3.0, "6_A_receipt_00165_0": 1.0, "0_ _receipt_00028_0": 3.0, "0_QTE_269_0": 1.0, "1_KONTANT_269_0": 0.14285714285714285, "2_DESCRIPTION_269_0": 0.0, "3_Tel_269_0": 0.0, "4_ROCHELLE_269_0": 0.0, "5_17000_269_0": 0.0, "6_LA_269_0": 0.0, "7_SCIERIE_269_0": 0.0, "8_33_269_0": 0.0, "9_RUE_269_0": 0.0, "10_DE_269_0": 0.0, "11_LA_269_0": 0.0, "12_ROCHELLE_269_0": 0.0, "13_CRF-CITY_269_0": 0.0, "14_LA_269_0": 0.0, "0_MERCI_456_1": 0.0, "1_DE_456_1": 0.0, "2_VOTRE_456_1": 0.0, "3_VISITE_456_1": 0.0, "4_0010_456_1": 1.0, "5_003_456_1": 0.3333333333333333, "6_02/03/2017_456_1": 0.0, "7_12:07:13_456_1": 0.375, "8_000056_456_1": 0.16666666666666666, "9_CB_456_1": 0.0, "10_SANS_456_1": 0.25, "11_EMV_456_1": 0.3333333333333333, "12_CONTACT_456_1": 0.0, "13_EUR_456_1": 0.0, "14_5.73\u20ac_456_1": 1.0, "15_(S)_456_1": 0.6666666666666666, "16_ALTICLE_456_1": 0.14285714285714285, "17_TOTAL_456_1": 0.8, "18_A_456_1": 0.0, "19_PAYER_456_1": 0.0, "20_5.73\u20ac_456_1": 0.4, "21_1.99\u20ac_456_1": 0.8, "22_*VACHE_456_1": 0.6666666666666666, "23_BOIRE_456_1": 0.2, "24_VANI_456_1": 0.5, "25_A_456_1": 1.0, "26_*320G_456_1": 0.4, "27_LD.MANHATTAN_456_1": 0.16666666666666666, "28_3.74\u20ac_456_1": 0.4, "0_QTE_191_0": 1.0, "1_MONTANT_191_0": 0.2857142857142857, "2_DESCRIPTION_191_0": 0.0, "3_Tel_191_0": 0.0, "4_ROCHELLE_191_0": 0.0, "5_LA_191_0": 0.0, "6_17000_191_0": 0.0, "7_3/5_191_0": 0.0, "8_DE_191_0": 0.0, "9_CORDOUAN_191_0": 0.0, "10_RUE_191_0": 0.0, "11_ROCHELLE/CRD_191_0": 0.0, "12_CRF-CITY_191_0": 0.0, "13_LA_191_0": 0.0, "0_ _receipt_00428_0": 2.0, "0_BIENTOT_7_1": 0.0, "1_A_7_1": 0.0, "2_MERCI_7_1": 0.0, "3_DE_7_1": 0.0, "4_VOTRE_7_1": 0.0, "5_VISITE_7_1": 0.0, "6_0004_7_1": 0.0, "7_004_7_1": 0.3333333333333333, "8_000533_7_1": 0.0, "9_07/02/2017_7_1": 0.0, "10_18:52:25_7_1": 0.0, "11_CB_7_1": 0.0, "12_EMV_7_1": 0.0, "13_SANS_7_1": 0.0, "14_CONTACT_7_1": 0.0, "15_EUR_7_1": 0.0, "16_17.14\u20ac_7_1": 0.3333333333333333, "17_1_7_1": 2.0, "18_(S)_7_1": 0.6666666666666666, "19_ARTICLE_7_1": 0.0, "20_TOTAL_7_1": 0.0, "21_A_7_1": 1.0, "22_PAYER_7_1": 0.0, "23_17.14\u20ac_7_1": 0.3333333333333333, "24_*75_7_1": 0.6666666666666666, "25_MONBAZILLAC_7_1": 0.09090909090909091, "26_ML_7_1": 0.5, "27_17.14\u20ac_7_1": 0.3333333333333333, "28_DESCRIPTION_7_1": 0.0, "29_QTE_7_1": 0.3333333333333333, "30_NONTANT_7_1": 0.14285714285714285, "0_97,000_receipt_00586_1": 0.0, "1_CHANGE_receipt_00586_1": 0.0, "2_100,000_receipt_00586_1": 0.0, "3_CASH_receipt_00586_1": 0.0, "4_100,000_receipt_00586_1": 0.0, "5_CASH_receipt_00586_1": 0.0, "6_103,000_receipt_00586_1": 0.0, "7_TOTAL_receipt_00586_1": 0.0, "0_ _receipt_00267_0": 3.0, "0_ _receipt_00269_0": 1.0, "0_avoir_813_1": 0.0, "1_communique_813_1": 0.0, "2_Merci_813_1": 0.0, "3_de_813_1": 0.5, "4_nous_813_1": 0.0, "5_vos_813_1": 0.0, "6_\u20ac_813_1": 1.0, "7_16.66_813_1": 0.0, "8_\u20ac_813_1": 0.0, "9_3.33_813_1": 1.0, "10_Taux_813_1": 0.25, "11_TVA_813_1": 0.3333333333333333, "12_Montant_813_1": 0.0, "13_H.T._813_1": 0.75, "14_T.V.A._813_1": 0.6666666666666666, "15_CARTE_813_1": 0.0, "16_BLEUE_813_1": 0.0, "17_19.99_813_1": 0.0, "18_\u20ac_813_1": 0.0, "19_Total_813_1": 0.0, "20_19.99_813_1": 0.0, "21_\u20ac_813_1": 0.0, "22_1_813_1": 2.0, "23_19.99_813_1": 0.2, "24_x_813_1": 1.0, "25_\u20ac_813_1": 0.0, "26_19.99_813_1": 0.0, "27_\u20ac_813_1": 0.0, "28_=_813_1": 0.0, "29_S_813_1": 1.0, "30_Chemisier_813_1": 0.0, "31_No_813_1": 0.5, "32_carte_813_1": 0.2, "33_:_813_1": 1.0, "34_:_813_1": 1.0, "35_Mag_813_1": 0.0, "36_:_813_1": 1.0, "37_0045_813_1": 0.0, "38_Caisse_813_1": 0.0, "39_2_813_1": 0.0, "40_:_813_1": 1.0, "41_:_813_1": 1.0, "42_Ticket_813_1": 0.0, "43_9538_813_1": 0.0, "44_Vend_813_1": 0.25, "45_15_813_1": 0.5, "0_produits_653_4": 0.0, "1_conditions_653_4": 0.0, "2_et_653_4": 0.0, "3_:_653_4": 1.0, "4_lidl.fr_653_4": 0.2857142857142857, "5_disponibles_653_4": 0.0, "6_Pieces_653_4": 0.16666666666666666, "7_detachees_653_4": 0.0, "0_:_174_2": 1.0, "1_DIMANCHE_174_2": 0.0, "2_Des_174_2": 0.0, "3_9h..._174_2": 0.2, "4_:_174_2": 1.0, "5_LUNDI-SAMEDI_174_2": 0.08333333333333333, "6_08h-21h_174_2": 0.0, "7_10/12/2016_174_2": 0.1, "8_16:03:21_174_2": 0.0, "9_0001_174_2": 0.25, "10_01_174_2": 1.0, "11_000236_174_2": 0.0, "12_produits_174_2": 0.0, "13_Carrefo_174_2": 0.14285714285714285, "14_0.09\u20ac_174_2": 0.4, "15_5_174_2": 1.0, "16_%_174_2": 0.0, "0_TOTAL:_805_1": 0.0, "1_0,530_805_1": 0.2, "2_3,_805_1": 1.0, "3_1,_805_1": 1.0, "4_40_805_1": 0.0, "5_80_805_1": 0.0, "6_peche_805_1": 0.0, "7_jaune_805_1": 0.4, "8_1,075_805_1": 0.2, "9_3,_805_1": 0.5, "10_40_805_1": 0.0, "11_3,_805_1": 0.0, "12_66_805_1": 0.0, "13_blanc_805_1": 0.0, "14_brugnon_805_1": 0.0, "15_0,950_805_1": 0.2, "16_3,_805_1": 0.5, "17_3,_805_1": 0.0, "18_90_805_1": 1.0, "19_71_805_1": 1.0, "20_abricot_805_1": 0.0, "21_/kg_805_1": 0.0, "22_kg_805_1": 0.0, "0_DESCRIPTION_444_0": 0.18181818181818182, "1_QTE_444_0": 0.3333333333333333, "2_NONTAHT_444_0": 0.42857142857142855, "3_:_444_0": 1.0, "4_Tel_444_0": 0.0, "5_17000_444_0": 0.0, "6_LA_444_0": 0.0, "7_ROCHELLE_444_0": 0.0, "8_33_444_0": 0.0, "9_RUE_444_0": 0.0, "10_DE_444_0": 0.0, "11_LA_444_0": 0.0, "12_SCIERIE_444_0": 0.14285714285714285, "13_CRF-CITY_444_0": 0.0, "14_ROCHELLE_444_0": 0.0, "15_LA_444_0": 1.0, "0_10,000_receipt_00283_0": 0.8333333333333334, "1_10,000_receipt_00283_0": 0.16666666666666666, "2_1_receipt_00283_0": 0.0, "3_donnut_receipt_00283_0": 1.0, "4_twister_receipt_00283_0": 0.0, "5_chapsal_receipt_00283_0": 0.14285714285714285, "6_12,000_receipt_00283_0": 0.0, "7_12,000_receipt_00283_0": 0.0, "8_1_receipt_00283_0": 0.0, "9_BEAN_receipt_00283_0": 0.0, "10_READ_receipt_00283_0": 0.0, "11_ELEPHANT_receipt_00283_0": 0.0, "0_item(s)_receipt_00068_1": 0.2857142857142857, "1_4_receipt_00068_1": 1.0, "2_closed_receipt_00068_1": 0.16666666666666666, "3_Change_receipt_00068_1": 0.16666666666666666, "4_0.00_receipt_00068_1": 1.0, "5_Payment_receipt_00068_1": 0.14285714285714285, "6_113,000.00_receipt_00068_1": 0.1, "7_113,000.00_receipt_00068_1": 0.1, "8_Total_receipt_00068_1": 0.2, "9_Discount_receipt_00068_1": 0.125, "10_0.00_receipt_00068_1": 0.25, "11_SubTotal_receipt_00068_1": 0.0, "12_113,000.00_receipt_00068_1": 0.0, "13_500.00_receipt_00068_1": 0.16666666666666666, "14_PLASTIC_receipt_00068_1": 0.0, "15_1_receipt_00068_1": 1.0, "16_BAG_receipt_00068_1": 0.0, "0_ _receipt_00634_0": 2.0, "0_:_161_0": 1.0, "1_Tel_161_0": 0.0, "2_17000_161_0": 0.0, "3_LA_161_0": 0.0, "4_ROCHELLE_161_0": 0.0, "5_33_161_0": 0.0, "6_RUE_161_0": 0.0, "7_DE_161_0": 0.0, "8_LA_161_0": 0.0, "9_SCIERIE_161_0": 0.0, "10_CRF-CITY_161_0": 0.0, "11_LA_161_0": 0.0, "12_ROCHELLE_161_0": 0.0, "0_0_receipt_00500_1": 1.0, "1_KEMBALI_receipt_00500_1": 0.14285714285714285, "2_70,000_receipt_00500_1": 0.16666666666666666, "3_TUNAI_receipt_00500_1": 0.6, "4_70,000_receipt_00500_1": 0.16666666666666666, "5_TOTAL_receipt_00500_1": 0.0, "6_GRAND_receipt_00500_1": 0.0, "7_6,364_receipt_00500_1": 0.0, "8_%_receipt_00500_1": 1.0, "9_TAX_receipt_00500_1": 0.3333333333333333, "10_10.00_receipt_00500_1": 0.0, "11_63,636_receipt_00500_1": 0.16666666666666666, "12_DPP_receipt_00500_1": 1.0, "13_63,636_receipt_00500_1": 0.3333333333333333, "14_TOTAL_receipt_00500_1": 0.0, "15_1_receipt_00500_1": 1.0, "16_PROGRAM_receipt_00500_1": 0.2857142857142857, "17_0_receipt_00500_1": 1.0, "18_LOYALTY_receipt_00500_1": 0.0, "19_0_receipt_00500_1": 1.0, "20_13,636_receipt_00500_1": 0.16666666666666666, "21_13,636_receipt_00500_1": 0.16666666666666666, "22_LIMAU_receipt_00500_1": 0.6, "23_KASTURI_receipt_00500_1": 0.2857142857142857, "24_1_receipt_00500_1": 0.0, "25_50,000_receipt_00500_1": 0.0, "26_50,000_receipt_00500_1": 0.0, "27_BIHUN_receipt_00500_1": 0.4, "28_BASO_receipt_00500_1": 0.5, "29_1_receipt_00500_1": 1.0, "30_TAHU_receipt_00500_1": 1.0, "0_A_266_2": 0.0, "1_BIENTOT_266_2": 0.0, "0_CHANGE_receipt_00486_1": 0.16666666666666666, "1_DUE_receipt_00486_1": 0.0, "2_2,000_receipt_00486_1": 0.0, "3_CASH IDR_receipt_00486_1": 0.25, "4_30,000_receipt_00486_1": 0.0, "5_28,000_receipt_00486_1": 0.0, "0_de_608_0": 0.0, "1_7h_608_0": 0.0, "2_a_608_0": 0.0, "3_19h30_608_0": 0.0, "4_ouvert_608_0": 0.0, "5_lundi_608_0": 0.2, "6_du_608_0": 0.0, "7_au_608_0": 0.0, "8_samedi_608_0": 0.16666666666666666, "9_84275_608_0": 0.0, "10_Vedene_608_0": 0.0, "11_cedex_608_0": 0.0, "12_cs20012_608_0": 0.14285714285714285, "13_Le_608_0": 0.0, "14_Pontet_608_0": 0.0, "15_227_608_0": 0.0, "16_av.du_608_0": 0.0, "17_Marechal_608_0": 0.0, "18_Leclerc_608_0": 0.0, "19_AVIGNON_608_0": 0.0, "0_26,818_receipt_00223_0": 0.0, "1_PANDAWA_receipt_00223_0": 0.0, "2_CIRENG_receipt_00223_0": 0.0, "3_1_receipt_00223_0": 0.0, "0_TOTAL_755_2": 0.0, "1_S'MILES_755_2": 0.14285714285714285, "2_TICKET_755_2": 0.16666666666666666, "3_DU_755_2": 1.0, "4_2,5_755_2": 0.3333333333333333, "5_S'MILES_755_2": 0.0, "6_SUR_755_2": 0.0, "7_ACHAT_755_2": 0.0, "8_2.5_755_2": 0.6666666666666666, "9_VOTRE_755_2": 0.0, "10_SOLDE_755_2": 0.2, "11_S'MILES_755_2": 0.0, "12_17_755_2": 0.5, "13_Au_755_2": 0.0, "14_03/12/2016_755_2": 0.2, "15_VOTRE_755_2": 0.0, "16_COMPTE_755_2": 0.0, "17_S'MILES_755_2": 0.14285714285714285, "18_carte_755_2": 0.0, "19_S'Miles_755_2": 0.0, "20_Numero_755_2": 0.0, "21_3004932037-_755_2": 0.09090909090909091, "22_de_755_2": 0.0, "23_carte:_755_2": 0.0, "24_:_755_2": 1.0, "25_NOMBRE_755_2": 0.0, "26_D'ARTICLES_755_2": 0.0, "0_Vignette(s)_224_2": 0.0, "1_operation_224_2": 0.0, "2_par_224_2": 0.0, "3_vous_224_2": 0.0, "4_Bravo_224_2": 0.2, "5_avez_224_2": 0.0, "6_cumule_224_2": 0.0, "7_1.0_224_2": 0.0, "8_BIENTOT_224_2": 0.0, "0_2005-_receipt_00073_0": 0.4, "1_CHEESE_receipt_00073_0": 0.16666666666666666, "2_JOHN_receipt_00073_0": 1.0, "0_gp_receipt_00162_3": 0.5, "1_Other_receipt_00162_3": 0.4, "0_P'TIT_697_3": 0.4, "1_GOURMAND_697_3": 0.125, "2_CHOCOLAT.12X100_697_3": 0.06666666666666667, "3_1.24_697_3": 0.25, "4_P'TIT_697_3": 0.4, "5_GOURMAND_697_3": 0.125, "6_SEHOULE.12X100G_697_3": 0.13333333333333333, "7_1.24_697_3": 0.0, "8_1.24_697_3": 0.0, "9_P'TIT_697_3": 0.2, "10_GOURMAND_697_3": 0.125, "11_VANILLE.12X100G_697_3": 0.2, "12_REDUCTION_697_3": 0.0, "13_BONS_697_3": 0.0, "14_DE_697_3": 0.5, "15_5_697_3": 0.0, "16_20%00_697_3": 0.2, "17_25.88_697_3": 0.0, "18_5.17_697_3": 0.25, "19_31.05_697_3": 0.2, "20_2_697_3": 0.0, "21_5850_697_3": 0.25, "22_46.77_697_3": 0.0, "23_2.57_697_3": 0.25, "24_49.34_697_3": 0.0, "25_Code_697_3": 0.0, "26_HT_697_3": 0.0, "27_TVA_697_3": 0.6666666666666666, "28_TTC_697_3": 1.0, "29_Rendu_697_3": 0.0, "30_0.00_697_3": 0.0, "31_76.67_697_3": 0.0, "32_CB_697_3": 0.5, "0_QTE_555_0": 0.6666666666666666, "1_MONTANT_555_0": 0.42857142857142855, "2_DESCRIPTIOE_555_0": 0.09090909090909091, "3_Tel_555_0": 0.0, "4_45000_555_0": 0.0, "5_ORLEANS_555_0": 0.0, "6_1,_555_0": 1.0, "7_SEL_555_0": 0.0, "8_RUE_555_0": 0.0, "9_DU_555_0": 1.5, "10_GRENIER_555_0": 0.0, "11_A_555_0": 0.0, "12_CARREFOUR_555_0": 0.0, "13_CITY_555_0": 0.0, "14_ORLEANS_555_0": 0.0, "0_1_receipt_00076_0": 1.0, "1_QT_receipt_00076_0": 0.0, "2_30,000_receipt_00076_0": 0.16666666666666666, "3_12PCS_receipt_00076_0": 0.0, "4_TAKOYAKI_receipt_00076_0": 0.125, "5_1_receipt_00076_0": 1.0, "0_0,115_707_1": 0.8, "1_26,80_707_1": 0.2, "2_3,08_707_1": 0.25, "3_Divers_707_1": 0.0, "4_0,670_707_1": 0.2, "5_18,80_707_1": 0.2, "6_12,60_707_1": 0.2, "7_0,365_707_1": 0.2, "8_4,67_707_1": 0.0, "9_12,80_707_1": 0.2, "10_Divers_707_1": 0.0, "11_0,630_707_1": 0.2, "12_18,50_707_1": 0.2, "13_11,66_707_1": 0.2, "14_Divers_707_1": 0.0, "15_0,595_707_1": 0.2, "16_26,80_707_1": 0.2, "17_15,95_707_1": 0.0, "18_Divers_707_1": 0.0, "19_0,450_707_1": 0.2, "20_18,50_707_1": 0.2, "21_8,33_707_1": 0.25, "22_Divers_707_1": 0.0, "0_0.00_X51005444037_3": 0.0, "1_@0%:_X51005444037_3": 0.25, "2_0.00_X51005444037_3": 0.0, "3_Z=GST_X51005444037_3": 0.4, "4_122.00_X51005444037_3": 0.0, "5_7.30_X51005444037_3": 0.0, "6_@6%:_X51005444037_3": 0.25, "7_S=GST_X51005444037_3": 0.0, "8_(RM)_X51005444037_3": 0.0, "9_GST(RM)_X51005444037_3": 0.0, "10_GSTSummary_X51005444037_3": 0.0, "11_Amount_X51005444037_3": 0.0, "12_within_X51005444037_3": 0.0, "13_2_X51005444037_3": 0.0, "14_hours_X51005444037_3": 0.0, "15_best_X51005444037_3": 0.0, "16_consumed_X51005444037_3": 0.0, "17_food_X51005444037_3": 0.0, "18_is_X51005444037_3": 0.0, "19_For_X51005444037_3": 0.0, "20_Away_X51005444037_3": 0.0, "21_Delivery,_X51005444037_3": 0.0, "22_Take_X51005444037_3": 0.0, "23_and_X51005444037_3": 0.0, "24_apply._X51005444037_3": 0.0, "25_T&C_X51005444037_3": 0.0, "26_Survey_X51005444037_3": 0.0, "27_Code:MAL025_X51005444037_3": 0.18181818181818182, "28_is_X51005444037_3": 0.0, "29_up_X51005444037_3": 0.0, "30_grabs._X51005444037_3": 0.0, "31_for_X51005444037_3": 0.0, "32_meal_X51005444037_3": 0.0, "33_you_X51005444037_3": 0.0, "34_friends_X51005444037_3": 0.0, "35_for_X51005444037_3": 0.0, "36_&_X51005444037_3": 0.0, "37_10_X51005444037_3": 0.0, "38_A_X51005444037_3": 0.0, "39_please_X51005444037_3": 0.0, "40_complete_X51005444037_3": 0.0, "41_our_X51005444037_3": 0.0, "0_60.000_receipt_00616_1": 0.3333333333333333, "1_TUNAI_receipt_00616_1": 0.6, "2_56.800_receipt_00616_1": 0.0, "3_GRAND_receipt_00616_1": 0.2, "4_TOTAL_receipt_00616_1": 0.0, "5_5,164_receipt_00616_1": 0.0, "6_TAX_receipt_00616_1": 0.0, "7_10.00_receipt_00616_1": 0.0, "8_%_receipt_00616_1": 1.0, "9_51,636_receipt_00616_1": 0.16666666666666666, "10_DPP_receipt_00616_1": 1.0, "11_8,000_receipt_00616_1": 0.2, "12_8.000_receipt_00616_1": 0.2, "13_A.MINERAL_receipt_00616_1": 0.2222222222222222, "14_BOTOL_receipt_00616_1": 0.4, "15_1_receipt_00616_1": 1.0, "16_43.636_receipt_00616_1": 0.5, "17_43.636_receipt_00616_1": 0.3333333333333333, "18_BASO_receipt_00616_1": 0.5, "19_KWETIAU_receipt_00616_1": 1.0, "20_1_receipt_00616_1": 1.0, "0_Change :_receipt_00377_1": 0.875, "1_Pay_receipt_00377_1": 0.0, "2_40,000_receipt_00377_1": 0.0, "3_0_receipt_00377_1": 0.0, "4_Cash_receipt_00377_1": 0.0, "5_Total._receipt_00377_1": 0.0, "6_40,000_receipt_00377_1": 0.0, "7_ITEMS:_receipt_00377_1": 0.16666666666666666, "8_1_receipt_00377_1": 0.0, "9_40,000_receipt_00377_1": 0.0, "10_Sedang_receipt_00377_1": 0.0, "11_1_receipt_00377_1": 0.0, "12_-_receipt_00377_1": 0.0, "13_0_receipt_00377_1": 0.0, "14_XXL Crispy_receipt_00377_1": 0.0, "15_1_receipt_00377_1": 0.0, "16_Chicken_receipt_00377_1": 0.0, "17_40,000_receipt_00377_1": 0.0, "0_KEMBALIAN :_receipt_00088_1": 0.18181818181818182, "1_0_receipt_00088_1": 1.0, "2_DEBIT BCA:_receipt_00088_1": 0.0, "3_50,039_receipt_00088_1": 0.16666666666666666, "4_Netto :_receipt_00088_1": 0.14285714285714285, "5_50,039_receipt_00088_1": 0.16666666666666666, "6_4,549_receipt_00088_1": 0.4, "7_PPN:_receipt_00088_1": 0.25, "8_Diskon:_receipt_00088_1": 0.14285714285714285, "9_0_receipt_00088_1": 0.0, "10_Disk.Member:_receipt_00088_1": 0.16666666666666666, "11_0_receipt_00088_1": 0.0, "0_1,241,790_receipt_00674_1": 0.0, "1_DU_receipt_00674_1": 1.0, "2_10%_receipt_00674_1": 1.0, "3_Tax_receipt_00674_1": 0.6666666666666666, "4_112,890_receipt_00674_1": 0.0, "5_CHARGE_receipt_00674_1": 0.3333333333333333, "6_63,900_receipt_00674_1": 0.6666666666666666, "7_SERVICE_receipt_00674_1": 0.0, "8_SUBTOTAL_receipt_00674_1": 0.0, "9_1,065,000_receipt_00674_1": 0.1111111111111111, "10_20,000_receipt_00674_1": 0.0, "11_OTHERS_receipt_00674_1": 0.16666666666666666, "12_BEVERAGES_receipt_00674_1": 0.1111111111111111, "13_86,000_receipt_00674_1": 0.0, "14_FOOD_receipt_00674_1": 1.0, "15_959,000_receipt_00674_1": 0.0, "16_NASI_receipt_00674_1": 1.0, "17_PUTIH_receipt_00674_1": 0.2, "18_2_receipt_00674_1": 0.0, "19_10,000_receipt_00674_1": 0.8333333333333334, "20_20,000_receipt_00674_1": 0.0, "21_KWAN'IM_receipt_00674_1": 0.8571428571428571, "22_CHINESE_receipt_00674_1": 0.8571428571428571, "23_TEA_receipt_00674_1": 0.6666666666666666, "24_1_receipt_00674_1": 1.0, "25_14,000_receipt_00674_1": 0.5, "26_ICED_receipt_00674_1": 0.75, "27_1_receipt_00674_1": 1.0, "28_TEA_receipt_00674_1": 0.3333333333333333, "29_12,000_receipt_00674_1": 0.0, "30_1_receipt_00674_1": 1.0, "31_SUP_receipt_00674_1": 1.0, "32_BURUNG_receipt_00674_1": 0.5, "33_DARA_receipt_00674_1": 1.0, "34_38,000_receipt_00674_1": 0.6666666666666666, "35_=*LARGE*==_receipt_00674_1": 0.4, "36_1_receipt_00674_1": 1.0, "37_CUMI_receipt_00674_1": 1.0, "38_GR_receipt_00674_1": 1.5, "39_JUNJAN_receipt_00674_1": 0.8333333333333334, "40_172,000_receipt_00674_1": 0.0, "41_SOP_receipt_00674_1": 1.0, "42_IKAN_receipt_00674_1": 0.75, "0_115,500_receipt_00660_1": 0.5714285714285714, "1_payment_receipt_00660_1": 0.5714285714285714, "2_Debit_receipt_00660_1": 0.6, "3_Card_receipt_00660_1": 0.0, "4_115,500_receipt_00660_1": 0.2857142857142857, "5_Grand_receipt_00660_1": 0.2, "6_Total_receipt_00660_1": 0.4, "7_94,500_receipt_00660_1": 1.0, "8_Total_receipt_00660_1": 0.0, "9_Discount_receipt_00660_1": 0.25, "10_-31,500_receipt_00660_1": 1.0, "11_disc_receipt_00660_1": 0.5, "12_%_receipt_00660_1": 1.0, "13_Offer_receipt_00660_1": 1.0, "14_45_receipt_00660_1": 1.0, "15_70,000_receipt_00660_1": 0.6666666666666666, "16_70,000_receipt_00660_1": 0.0, "17_1_receipt_00660_1": 1.0, "0_22,000_receipt_00388_1": 0.3333333333333333, "1_1_receipt_00388_1": 2.0, "2_22.000_receipt_00388_1": 0.0, "3_hot_receipt_00388_1": 0.3333333333333333, "4_lemon_receipt_00388_1": 0.0, "5_tea_receipt_00388_1": 0.0, "6_12,000_receipt_00388_1": 0.0, "7_1_receipt_00388_1": 1.0, "8_12.000_receipt_00388_1": 0.0, "9_hot_receipt_00388_1": 0.0, "10_tea_receipt_00388_1": 0.3333333333333333, "11_25,000_receipt_00388_1": 0.0, "12_1_receipt_00388_1": 1.0, "13_25.000_receipt_00388_1": 0.0, "14_Apple_receipt_00388_1": 0.0, "15_Pie_receipt_00388_1": 0.0, "16_1_receipt_00388_1": 1.0, "17_25,000_receipt_00388_1": 0.0, "18_25.000_receipt_00388_1": 0.0, "19_Lemon_receipt_00388_1": 0.0, "20_0134_receipt_00388_1": 0.5, "21_Jc_receipt_00388_1": 1.0, "22_54,000_receipt_00388_1": 0.16666666666666666, "23_1_receipt_00388_1": 0.0, "24_54.000_receipt_00388_1": 0.16666666666666666, "25_Lasagna_receipt_00388_1": 0.0, "26_0079_receipt_00388_1": 0.0, "27_Di_receipt_00388_1": 0.0, "28_Carne_receipt_00388_1": 0.4, "29_52,000_receipt_00388_1": 0.0, "30_1_receipt_00388_1": 0.0, "31_52.000_receipt_00388_1": 0.0, "0_DESCRIPTION_495_0": 0.0, "1_QTE_495_0": 0.3333333333333333, "2_MONTANT_495_0": 0.14285714285714285, "3_Gargot_495_0": 0.0, "4_Rue_495_0": 0.0, "5_Aytre._495_0": 0.16666666666666666, "6_Nicolas_495_0": 0.0, "7_17440_495_0": 0.0, "8_Dimanche_495_0": 0.0, "9_9h_495_0": 0.5, "10_a_495_0": 1.0, "11_12h30_495_0": 0.0, "12_Lundi_495_0": 0.0, "13_au_495_0": 0.0, "14_Samedi_495_0": 0.0, "15_de_495_0": 0.0, "16_20h00_495_0": 0.2, "17_9h_495_0": 0.5, "18_a_495_0": 0.0, "19_:_495_0": 1.0, "20_Tel_495_0": 0.0, "21_0546457320_495_0": 0.0, "22_Carrefour_495_0": 0.0, "23_market_495_0": 0.0, "24_AYTRE_495_0": 0.0, "0_VOUS_563_2": 1.0, "1_REMERCIE_563_2": 0.0, "2_DE_563_2": 0.0, "3_VOTRE_563_2": 0.0, "4_VISITE_563_2": 0.0, "5_L'EQUIPE_563_2": 0.125, "6_MARKET_563_2": 0.0, "7_TOUTE_563_2": 0.0, "8_DE_563_2": 0.0, "9_22/02/2017_563_2": 0.1, "10_0113_563_2": 0.0, "11_005_563_2": 0.3333333333333333, "12_000231_563_2": 0.16666666666666666, "13_19:07:19_563_2": 0.0, "14_:_563_2": 2.0, "15_Carte_563_2": 0.0, "0_ _receipt_00699_0": 4.0, "0_6_receipt_00633_2": 1.0, "1_PCS_receipt_00633_2": 1.0, "2_6_receipt_00633_2": 1.0, "3_ITEM_receipt_00633_2": 0.25, "4_TOTAL_receipt_00633_2": 0.2, "5_QTY_receipt_00633_2": 1.0, "0_20,001_receipt_00110_1": 0.0, "1_Chance:_receipt_00110_1": 0.14285714285714285, "2_50,000_receipt_00110_1": 0.16666666666666666, "3_cash:_receipt_00110_1": 0.2, "4_Total:_receipt_00110_1": 0.0, "5_2,727_receipt_00110_1": 0.6, "6_PB1:_receipt_00110_1": 0.25, "7_27,272_receipt_00110_1": 1.0, "8_SubTotal:_receipt_00110_1": 0.0, "9_27,272_receipt_00110_1": 0.3333333333333333, "10_Nutella_receipt_00110_1": 0.0, "11_Cheese_receipt_00110_1": 0.0, "12_1_receipt_00110_1": 1.0, "0_:_X51005444044_0": 1.0, "1_INVOICE_X51005444044_0": 0.0, "2_NO_X51005444044_0": 0.0, "3_:_X51005444044_0": 1.0, "4_GST_X51005444044_0": 0.6666666666666666, "5_ID._X51005444044_0": 0.3333333333333333, "6_NO_X51005444044_0": 0.0, "7_000181747712_X51005444044_0": 0.0, "8_1572-TMN_X51005444044_0": 0.125, "9_BKT_X51005444044_0": 0.0, "10_PANDAN_X51005444044_0": 0.0, "11_KLANG,_X51005444044_0": 0.0, "12_41150_X51005444044_0": 0.0, "13_SELANGOR_X51005444044_0": 0.0, "14_TAMAN_X51005444044_0": 0.0, "15_BERKELEY_X51005444044_0": 0.0, "16_2811,_X51005444044_0": 0.0, "17_ANGSA,_X51005444044_0": 0.0, "18_LOT_X51005444044_0": 0.6666666666666666, "19_P.T._X51005444044_0": 0.0, "20_JALAN_X51005444044_0": 0.0, "21_99_X51005444044_0": 0.0, "22_SPEED_X51005444044_0": 0.0, "23_MART_X51005444044_0": 0.0, "24_S/B_X51005444044_0": 0.3333333333333333, "25_(519537-X)_X51005444044_0": 0.0, "0_Change_receipt_00076_1": 0.0, "1_7,000_receipt_00076_1": 0.2, "2_CASH_receipt_00076_1": 0.0, "3_40,000_receipt_00076_1": 0.0, "4_TOTAL_receipt_00076_1": 0.0, "5_Tax_receipt_00076_1": 0.0, "6_3,000_receipt_00076_1": 0.0, "7_Subtotal_receipt_00076_1": 0.0, "8_30,000_receipt_00076_1": 0.0, "0_MT._666_2": 0.0, "1_MT._666_2": 0.0, "2_MT._666_2": 0.0, "3_TTC_666_2": 0.0, "4_CODE_666_2": 0.0, "5_TVA_666_2": 0.0, "6_TVA_666_2": 0.6666666666666666, "7_0,00_666_2": 0.25, "8_EUR_666_2": 0.0, "9_ESPECES_666_2": 0.0, "10_0,00_666_2": 0.25, "11_EUR_666_2": 0.0, "12_RENDRE_666_2": 0.0, "13_16,74_666_2": 0.2, "14_EUR_666_2": 0.0, "15_ELIGIBLE_666_2": 0.0, "16_TRD_666_2": 0.0, "17_TOTAL_666_2": 0.0, "18_d'articles_666_2": 0.0, "19_12_666_2": 0.0, "20_vendus=_666_2": 0.7142857142857143, "21_Nombre_666_2": 0.0, "22_EUR_666_2": 0.0, "23_23,23_666_2": 0.2, "24_CB_666_2": 0.5, "25_EMV_666_2": 0.3333333333333333, "26_23,_666_2": 0.3333333333333333, "27_23_666_2": 1.0, "28_MONTANT_666_2": 0.0, "29_EUR_666_2": 0.3333333333333333, "30_DU_666_2": 1.0, "31_Vign._666_2": 0.2, "32_10E=1_666_2": 0.0, "33_PHILIPS_666_2": 0.0, "34_3,06_666_2": 0.5, "35_EUR_666_2": 0.3333333333333333, "36_A_666_2": 1.0, "37_ENTREMONT_666_2": 0.0, "38_COMTE_666_2": 0.0, "39_FRUI_666_2": 0.25, "0_DU_receipt_00711_1": 1.0, "1_10%_receipt_00711_1": 0.6666666666666666, "2_Tax_receipt_00711_1": 1.0, "3_99,322_receipt_00711_1": 0.0, "4_SERVICE_receipt_00711_1": 0.0, "5_CHARGE_receipt_00711_1": 0.16666666666666666, "6_56,220_receipt_00711_1": 0.3333333333333333, "7_SUBTOTAL_receipt_00711_1": 0.0, "8_937,000_receipt_00711_1": 0.14285714285714285, "9_OTHERS_receipt_00711_1": 0.3333333333333333, "10_80,000_receipt_00711_1": 0.16666666666666666, "11_BEVERAGES_receipt_00711_1": 0.0, "12_100,000_receipt_00711_1": 0.14285714285714285, "13_FOOD_receipt_00711_1": 1.0, "14_757,000_receipt_00711_1": 0.14285714285714285, "15_ICED_receipt_00711_1": 0.75, "16_3_receipt_00711_1": 1.0, "17_12,000_receipt_00711_1": 0.16666666666666666, "18_36,000_receipt_00711_1": 0.16666666666666666, "19_TEA_receipt_00711_1": 0.0, "20_HOT_receipt_00711_1": 1.0, "21_TEA_receipt_00711_1": 0.3333333333333333, "22_3_receipt_00711_1": 1.0, "23_12,000_receipt_00711_1": 0.6666666666666666, "24_36,000_receipt_00711_1": 0.0, "25_8_receipt_00711_1": 1.0, "26_NASI_receipt_00711_1": 0.25, "27_PUTIH_receipt_00711_1": 0.2, "28_10,000_receipt_00711_1": 0.5, "29_80,000_receipt_00711_1": 0.3333333333333333, "30_2_receipt_00711_1": 0.0, "31_CRYSANTNUM_receipt_00711_1": 0.2, "32_2_receipt_00711_1": 1.0, "33_TE_receipt_00711_1": 0.5, "34_CHINESE_receipt_00711_1": 0.14285714285714285, "35_14,000_receipt_00711_1": 0.0, "36_28,000_receipt_00711_1": 0.3333333333333333, "37_ASAM_receipt_00711_1": 1.0, "38_MANIS_receipt_00711_1": 0.4, "39_1_receipt_00711_1": 1.0, "40_GURAME_receipt_00711_1": 0.5, "41_FILLET_receipt_00711_1": 0.6666666666666666, "42_163,000_receipt_00711_1": 0.0, "43_M_receipt_00711_1": 1.0, "44_=*MEDIUM*=_receipt_00711_1": 0.7, "45_1_receipt_00711_1": 1.0, "46_OYONG_receipt_00711_1": 0.0, "47_3_receipt_00711_1": 1.0, "48_TELOR_receipt_00711_1": 0.0, "49_84,000_receipt_00711_1": 0.0, "50_=*MEDIUM*=_receipt_00711_1": 0.6, "0_TOTAL:_656_1": 0.0, "1_1,50_656_1": 0.0, "2_Art_656_1": 0.0, "3_x_656_1": 0.0, "4_3,00_656_1": 0.25, "5_avocat_656_1": 0.0, "6_1,50_656_1": 0.0, "7_1,025_656_1": 0.2, "8_2,90_656_1": 0.25, "9_abricot_656_1": 0.0, "10_0,960_656_1": 0.2, "11_3,90_656_1": 0.75, "12_3,74_656_1": 1.0, "13_abricot_656_1": 0.0, "14_/kg_656_1": 0.0, "15_kg_656_1": 0.0, "0_Total_receipt_00161_1": 0.2, "1_98,175_receipt_00161_1": 0.16666666666666666, "2_PB1_receipt_00161_1": 0.3333333333333333, "3_10.00_receipt_00161_1": 0.2, "4_%_receipt_00161_1": 1.0, "5_8,925_receipt_00161_1": 0.0, "6_Serv.Charge:_receipt_00161_1": 0.25, "7_4,250_receipt_00161_1": 0.0, "8_Subtotal_receipt_00161_1": 0.0, "9_85,000_receipt_00161_1": 0.0, "10_MUSHROOM_receipt_00161_1": 0.375, "11_SAUCE_receipt_00161_1": 0.2, "12_0_receipt_00161_1": 2.0, "13_1_receipt_00161_1": 1.0, "14_10,000_receipt_00161_1": 0.0, "15_MANIS_receipt_00161_1": 0.4, "16_TEH_receipt_00161_1": 0.3333333333333333, "17_1_receipt_00161_1": 1.0, "18_ES_receipt_00161_1": 0.5, "19_(M)_receipt_00161_1": 0.6666666666666666, "20_F.FRIES_receipt_00161_1": 0.2857142857142857, "21_0_receipt_00161_1": 2.0, "22_1_receipt_00161_1": 3.0, "23_150gr_receipt_00161_1": 0.4, "24_75,000_receipt_00161_1": 0.0, "25_ORIGINAL_receipt_00161_1": 0.125, "26_1_receipt_00161_1": 1.0, "27_PR_receipt_00161_1": 1.0, "0_ _receipt_00670_0": 1.0, "0_A_76_2": 0.0, "1_BIENTOT_76_2": 0.0, "2_MERCI_76_2": 0.0, "3_DE_76_2": 0.0, "4_VOTRE_76_2": 0.0, "5_VISITE_76_2": 0.0, "0_ _receipt_00653_0": 2.0, "0_1_receipt_00084_0": 1.0, "1_kcl_receipt_00084_0": 0.3333333333333333, "2_0_receipt_00084_0": 0.0, "3_Pastry_receipt_00084_0": 0.0, "4_Keju_receipt_00084_0": 0.0, "5_20.000_receipt_00084_0": 0.0, "6_1_receipt_00084_0": 1.0, "7_*Rhum_receipt_00084_0": 0.0, "8_1_receipt_00084_0": 2.0, "9_0_receipt_00084_0": 1.0, "10_Large_receipt_00084_0": 0.0, "11_1_receipt_00084_0": 1.0, "12_1_receipt_00084_0": 2.0, "13_11.000_receipt_00084_0": 1.0, "0_DESCRIPTION_68_0": 0.0, "1_QTE_68_0": 1.0, "2_MONTANT_68_0": 0.42857142857142855, "3_:_68_0": 3.0, "4_Tel_68_0": 0.0, "5_17000_68_0": 0.0, "6_LA_68_0": 0.0, "7_ROCHELLE_68_0": 0.0, "8_33_68_0": 0.0, "9_RUE_68_0": 0.0, "10_DE_68_0": 0.0, "11_SCIERIE_68_0": 0.0, "12_LA_68_0": 0.5, "13_CRF-CITY_68_0": 0.0, "14_ROCHELLE_68_0": 0.0, "15_LA_68_0": 2.0, "0_BIENTOT_335_1": 0.0, "1_MERCI_335_1": 0.0, "2_DE_335_1": 0.0, "3_VOTRE_335_1": 0.0, "4_VISITE_335_1": 0.0, "5_0012_335_1": 0.0, "6_004_335_1": 0.0, "7_000084_335_1": 0.0, "8_31/05/2017_335_1": 0.0, "9_11:57:31_335_1": 0.0, "10_CB_335_1": 0.5, "11_EMV_335_1": 0.3333333333333333, "12_SANS_335_1": 0.0, "13_CONTACT_335_1": 0.0, "14_EUR_335_1": 0.0, "15_4.73\u20ac_335_1": 0.4, "16_(S)_335_1": 0.6666666666666666, "17_ARTICLE_335_1": 0.0, "18_TOTAL_335_1": 0.0, "19_A_335_1": 0.0, "20_4.73\u20ac_335_1": 0.4, "21_PAYER_335_1": 0.0, "22_*PARMENTIER_335_1": 0.09090909090909091, "23_CANARD_335_1": 0.0, "24_4.73\u20ac_335_1": 0.4, "0_VOUS_566_3": 1.0, "1_REMERCIE_566_3": 0.125, "2_DE_566_3": 0.0, "3_VOTRE_566_3": 0.0, "4_VISITE_566_3": 0.0, "5_L'EQUIPE_566_3": 0.375, "6_TOUTE_566_3": 0.0, "7_DE_566_3": 0.0, "8_MARKET_566_3": 0.0, "0_A_166_1": 0.0, "1_BIENTOT_166_1": 0.0, "2_MERCI_166_1": 0.0, "3_DE_166_1": 0.0, "4_VOTRE_166_1": 0.0, "5_VISITE_166_1": 0.0, "6_30/08/2016_166_1": 0.1, "7_003_166_1": 0.0, "8_000055_166_1": 0.0, "9_12:07:17_166_1": 0.0, "10_0009_166_1": 0.75, "11_7.53\u20ac_166_1": 0.4, "12_BANCAIRE_166_1": 0.0, "13_EUR_166_1": 0.0, "14_CARTE_166_1": 0.0, "15_EMV_166_1": 0.0, "16_TOTAL_166_1": 0.2, "17_ALTICLE(S)_166_1": 0.1, "18_PAYER_166_1": 0.0, "19_2_166_1": 0.0, "20_A_166_1": 0.0, "21_7.53\u20ac_166_1": 0.4, "22_SALADI_166_1": 0.16666666666666666, "23_4.23\u20ac_166_1": 0.4, "24_VENEZIA_166_1": 0.2857142857142857, "25_FRAMBOISE_166_1": 0.1111111111111111, "26_LU_166_1": 1.0, "27_1.31\u20ac_166_1": 0.4, "28_PIM'S_166_1": 0.2, "0_1_receipt_00723_0": 2.0, "1_28,000_receipt_00723_0": 0.16666666666666666, "2_28,000_receipt_00723_0": 0.16666666666666666, "3_ALMOND_receipt_00723_0": 0.16666666666666666, "4_CHOCO_receipt_00723_0": 0.8, "5_CREAM_receipt_00723_0": 0.2, "6_CHEESE_receipt_00723_0": 0.16666666666666666, "0_les_723_0": 0.3333333333333333, "1_enfants_723_0": 0.42857142857142855, "2_d'abord_723_0": 0.14285714285714285, "3_a_723_0": 0.0, "0_Sales_receipt_00721_1": 0.0, "1_included_receipt_00721_1": 0.0, "2_PB1_receipt_00721_1": 0.3333333333333333, "3_36,000_receipt_00721_1": 0.0, "4_GOPAY_receipt_00721_1": 0.0, "5_SALES_receipt_00721_1": 0.0, "6_TOTAL_receipt_00721_1": 0.0, "7_36,000_receipt_00721_1": 0.0, "8_SUB_receipt_00721_1": 0.0, "9_TOTAL_receipt_00721_1": 0.0, "10_36,000_receipt_00721_1": 0.16666666666666666, "0_DESCRIPTION_384_0": 0.0, "1_QTE_384_0": 0.3333333333333333, "2_MONTANT_384_0": 0.2857142857142857, "3_Tel_384_0": 0.0, "4_17000_384_0": 0.0, "5_LA_384_0": 0.5, "6_ROCHELLE_384_0": 0.0, "7_33_384_0": 0.0, "8_RUE_384_0": 0.0, "9_DE_384_0": 0.0, "10_LA_384_0": 1.0, "11_SCIERIE_384_0": 0.0, "12_CRF-CITY_384_0": 0.0, "13_LA_384_0": 0.0, "14_ROCHELLE_384_0": 0.0, "0_28-06-2017_604_1": 0.0, "1_23:07:03_604_1": 0.0, "2_MERCREDI_604_1": 0.125, "3_DOCUMENT_604_1": 0.0, "4_12_604_1": 0.5, "5_BOULE_604_1": 0.0, "6_13.90_604_1": 0.0, "7_C_604_1": 0.0, "8_4.70_604_1": 0.0, "9_C_604_1": 0.0, "10_LIEGOISE_604_1": 0.0, "11_SUCRE_604_1": 0.0, "12_1_604_1": 0.0, "13_15.60_604_1": 0.0, "14_C_604_1": 0.0, "15_NUTELLA_604_1": 0.0, "16_LIEGOISE_604_1": 0.0, "17_11.50_604_1": 0.0, "18_C_604_1": 1.0, "19_CHEURE_604_1": 0.0, "20_MIEL_604_1": 0.0, "21_1_604_1": 0.0, "22_FLAM._604_1": 0.2, "23_30.40_604_1": 0.0, "24_C_604_1": 1.0, "25_ANDOUILLETTE_604_1": 0.0, "26_2_604_1": 0.0, "27_11.90_604_1": 0.0, "28_C_604_1": 0.0, "29_STEAK_604_1": 0.0, "30_A_604_1": 1.0, "31_CHEVAL_604_1": 0.16666666666666666, "32_1_604_1": 0.0, "33_31.80_604_1": 0.0, "34_B_604_1": 0.0, "35_TRENTE4_604_1": 0.0, "36_1.5L_604_1": 0.25, "37_2_604_1": 0.0, "38_C_604_1": 0.0, "39_23.80_604_1": 0.0, "40_FRICADELLE_604_1": 0.0, "41_2_604_1": 0.0, "0_CHANGE_receipt_00593_1": 0.0, "1_4,000_receipt_00593_1": 0.0, "2_CASH_receipt_00593_1": 0.0, "3_50,000_receipt_00593_1": 0.0, "4_TOTAL_receipt_00593_1": 0.0, "5_46,000_receipt_00593_1": 0.16666666666666666, "6_TL_receipt_00593_1": 0.5, "7_46,000_receipt_00593_1": 0.0, "8_DEPT01_receipt_00593_1": 0.3333333333333333, "9_22,000_receipt_00593_1": 0.0, "10_DEPT04_receipt_00593_1": 0.16666666666666666, "11_24,000_receipt_00593_1": 0.0, "0_QTE_292_0": 1.3333333333333333, "1_MONTANT_292_0": 0.2857142857142857, "2_DESCRIPTION_292_0": 0.09090909090909091, "3_:_292_0": 1.0, "4_Tel_292_0": 0.0, "5_ROCHELLE_292_0": 0.0, "6_17000_292_0": 0.2, "7_LA_292_0": 0.0, "8_SCIERIE_292_0": 0.14285714285714285, "9_33_292_0": 0.0, "10_RUE_292_0": 0.0, "11_DE_292_0": 0.0, "12_LA_292_0": 1.0, "13_CRF-CITY_292_0": 0.0, "14_LA_292_0": 0.0, "15_ROCHELLE_292_0": 0.0, "0_OFFERTE(S)_227_4": 0.0, "1_POCHETTE(S)_227_4": 0.0, "2_PANINI_227_4": 0.0, "3_ACHATS_227_4": 0.0, "4_GRACE_227_4": 0.0, "5_2.0_227_4": 0.0, "6_A_227_4": 0.0, "7_VOS_227_4": 1.0, "8_bientot_227_4": 0.14285714285714285, "9_remercie_227_4": 0.0, "10_votre_227_4": 0.0, "11_visite_227_4": 0.0, "12_de_227_4": 0.0, "13_Vous_227_4": 0.0, "14_AYTRE_227_4": 0.0, "15_CARREFOUR_227_4": 0.0, "16_MARKET_227_4": 0.0, "0_1,10\u20ac_705_2": 0.4, "1_1,10_705_2": 0.0, "2_1_705_2": 0.0, "3_X_705_2": 0.0, "4_DESSERT_705_2": 0.0, "5_BREBIS_705_2": 0.0, "6_VANILLE_705_2": 0.0, "7_BERGERIE_705_2": 0.0, "8_LOZER_705_2": 0.0, "9_DE_705_2": 0.0, "10_1,10\u20ac_705_2": 0.6, "11_1,10_705_2": 0.0, "12_1_705_2": 0.0, "13_DESSERT_705_2": 0.0, "14_BREBIS_705_2": 0.0, "15_VANILLE_705_2": 0.0, "16_BERGERIE_705_2": 0.0, "17_DE_705_2": 0.0, "18_LOZER_705_2": 0.0, "19_1_705_2": 2.0, "20_1,10\u20ac_705_2": 0.4, "21_1,10_705_2": 0.0, "22_X_705_2": 0.0, "23_DESSERT_705_2": 0.0, "24_125G_705_2": 0.25, "25_1,10_705_2": 0.0, "26_1,10\u20ac_705_2": 0.6, "27_1_705_2": 0.0, "28_X_705_2": 0.0, "29_DESSERT_705_2": 0.0, "30_125G_705_2": 0.25, "31_4,20\u20ac_705_2": 0.4, "32_4,20_705_2": 0.0, "33_1_705_2": 0.0, "34_X_705_2": 0.0, "35_GOURDE_705_2": 0.0, "36_YAOURT_705_2": 0.16666666666666666, "37_1_705_2": 2.0, "38_4,20\u20ac_705_2": 0.4, "39_4,20_705_2": 0.0, "40_X_705_2": 0.0, "41_GOURDE_705_2": 0.0, "42_YAOURT_705_2": 0.0, "0_la_20_1": 0.0, "1_fidelite,_20_1": 0.0, "2_aviez_20_1": 0.0, "3_carte_20_1": 0.0, "4_CB_20_1": 0.0, "5_EMV_20_1": 0.0, "6_SANS_20_1": 0.0, "7_EUR_20_1": 0.0, "8_CONTACT_20_1": 0.0, "9_80.85\u20ac_20_1": 0.3333333333333333, "10_(S)_20_1": 0.6666666666666666, "11_8_20_1": 0.0, "12_ARTICLE_20_1": 0.0, "13_TOTAL_20_1": 0.0, "14_A_20_1": 0.0, "15_PAYER_20_1": 0.0, "16_80.85\u20ac_20_1": 0.3333333333333333, "17_*YT_20_1": 0.6666666666666666, "18_BRASSE_20_1": 0.0, "19_NAT.VRAI_20_1": 0.25, "20_2.40\u20ac_20_1": 0.4, "21_*PET_20_1": 0.25, "22_1.25L_20_1": 0.2, "23_EAU_20_1": 0.3333333333333333, "24_GAZ_20_1": 0.0, "25_70.57\u20ac_20_1": 0.3333333333333333, "26_*HOZZARELLA_20_1": 0.09090909090909091, "27_CRF_20_1": 0.0, "28_0.64\u20ac_20_1": 0.4, "29_2x_20_1": 1.0, "30_0.82_20_1": 0.0, "31_MOUCHOIR_20_1": 0.125, "32_*MINI_20_1": 0.4, "33_CRF_20_1": 0.0, "34_0.47\u20ac_20_1": 0.4, "35_1/2E.BIO_20_1": 0.125, "36_*LT_20_1": 0.6666666666666666, "37_CRE_20_1": 0.3333333333333333, "38_1L_20_1": 1.0, "39_0.05\u20ac_20_1": 0.4, "40_*BEURRE_20_1": 0.0, "41_BIO_20_1": 0.3333333333333333, "42_1/2_20_1": 0.6666666666666666, "43_SEL_20_1": 0.0, "44_2.14\u20ac_20_1": 0.4, "45_*4_20_1": 1.0, "46_OEUFS_20_1": 0.0, "47_BIO_20_1": 0.3333333333333333, "48_GROS_20_1": 0.25, "49_4.58\u20ac_20_1": 0.4, "0_DESCRIPTION_462_0": 0.0, "1_QTE_462_0": 0.3333333333333333, "2_MONTANT_462_0": 0.2857142857142857, "3_Tel_462_0": 0.0, "4_17000_462_0": 0.0, "5_ROCHELLE_462_0": 0.0, "6_LA_462_0": 0.5, "7_33_462_0": 0.5, "8_RUE_462_0": 0.0, "9_DE_462_0": 0.0, "10_LA_462_0": 0.0, "11_SCIERIE_462_0": 0.0, "12_CRF-CITY_462_0": 0.0, "13_LA_462_0": 0.5, "14_ROCHELLE_462_0": 0.0, "0_-4.98\u20ac_570_1": 0.5, "1_Votre_570_1": 0.0, "2_Monnaie_570_1": 0.0, "3_EUR_570_1": 0.0, "4_ESPECES_570_1": 0.0, "5_10.00\u20ac_570_1": 0.3333333333333333, "6_Reference_570_1": 0.0, "7_EUR_570_1": 0.0, "8_8.80\u20ac_570_1": 0.4, "9_TITRES_570_1": 0.0, "10_RESTAURANT_570_1": 0.0, "11_5_570_1": 0.0, "12_(S)_570_1": 0.3333333333333333, "13_PAYER_570_1": 0.0, "14_13.82\u20ac_570_1": 0.3333333333333333, "15_ARTICLE_570_1": 0.0, "16_TOTAL_570_1": 0.0, "17_A_570_1": 0.0, "18_ALIMENTAIRE_570_1": 0.18181818181818182, "19_13.82\u20ac_570_1": 0.16666666666666666, "20_TOTAL_570_1": 0.0, "21_TROPICANA_570_1": 0.0, "22_3.42\u20ac_570_1": 0.4, "23_*PET_570_1": 0.25, "24_2L_570_1": 1.0, "25_6X50CL_570_1": 0.16666666666666666, "26_3.90\u20ac_570_1": 0.4, "27_*BTE_570_1": 0.0, "28_LAIT_570_1": 0.75, "29_UH_570_1": 0.5, "30_0.55\u20ac_570_1": 0.4, "31_*BAGUETTE_570_1": 0.1111111111111111, "32_250_570_1": 0.0, "33_*AIGUILL.POULET_570_1": 0.0, "34_2.66\u20ac_570_1": 0.4, "35_X2_570_1": 0.5, "36_3.29\u20ac_570_1": 0.4, "37_ORANGE_570_1": 0.0, "38_A_570_1": 0.0, "39_JUS_570_1": 1.0, "40_*2KG_570_1": 0.25, "0_CHANGE_X51005268408_1": 0.0, "1_RM_X51005268408_1": 1.0, "2_30.20_X51005268408_1": 0.2, "3_CASH_X51005268408_1": 0.0, "4_RM_X51005268408_1": 0.5, "5_200.00_X51005268408_1": 0.0, "6_Rounding_X51005268408_1": 0.0, "7_RM_X51005268408_1": 0.5, "8_169.80_X51005268408_1": 0.3333333333333333, "9_Rounding_X51005268408_1": 0.0, "10_Adjustment_X51005268408_1": 0.0, "11_RM_X51005268408_1": 0.5, "12_.02_X51005268408_1": 0.6666666666666666, "13_Total_X51005268408_1": 0.0, "14_Sales_X51005268408_1": 0.0, "15_(Inclusive_X51005268408_1": 0.1, "16_GST)_X51005268408_1": 0.25, "17_RM_X51005268408_1": 1.0, "18_169.78_X51005268408_1": 0.16666666666666666, "19_4385_X51005268408_1": 0.25, "20_JOHNSONS_X51005268408_1": 0.25, "21_PK5.5_X51005268408_1": 1.0, "22_2IN1_X51005268408_1": 0.75, "23_BO_X51005268408_1": 0.5, "24_RM6.99_X51005268408_1": 0.16666666666666666, "25_s_X51005268408_1": 1.0, "26_2893_X51005268408_1": 0.25, "27_DISNEY_X51005268408_1": 0.3333333333333333, "28_05112_X51005268408_1": 0.4, "29_WIDE_X51005268408_1": 0.25, "30_NECK_X51005268408_1": 0.5, "31_RMS.89_X51005268408_1": 0.5, "32_s_X51005268408_1": 1.0, "33_2709_X51005268408_1": 0.25, "34_ZING_X51005268408_1": 1.0, "35_HEING_X51005268408_1": 0.0, "36_DAT_X51005268408_1": 1.0, "37_&_X51005268408_1": 0.0, "38_WHEAT_X51005268408_1": 0.0, "39_RN4,10_X51005268408_1": 0.6666666666666666, "40_s_X51005268408_1": 0.0, "41_069_X51005268408_1": 0.6666666666666666, "42_MILD_X51005268408_1": 0.25, "43_2KG_X51005268408_1": 1.0, "44_RM34.90_X51005268408_1": 0.7142857142857143, "45_s_X51005268408_1": 1.0, "46_2973_X51005268408_1": 0.0, "47_PEDIASURE_X51005268408_1": 0.1111111111111111, "48_COMPLETE_X51005268408_1": 0.0, "49_S_X51005268408_1": 1.0, "50_RH117.90_X51005268408_1": 0.25, "51_s_X51005268408_1": 0.0, "52_03:29PM_X51005268408_1": 0.2857142857142857, "53_562936_X51005268408_1": 0.3333333333333333, "54_20-11-17_X51005268408_1": 0.25, "0_carte:_789_1": 0.0, "1_N_789_1": 3.0, "2_..8506_789_1": 0.16666666666666666, "3_.22,30_789_1": 1.0, "4_E..CB_789_1": 0.6, "5_AU_789_1": 0.0, "6_VERSO_789_1": 0.0, "7_RECU_789_1": 0.0, "8_VALANT_789_1": 0.0, "9_FACTURE_789_1": 0.0, "10_TTC..._789_1": 0.8333333333333334, "11_.22,30_789_1": 0.3333333333333333, "12_PRIX_789_1": 0.0, "13_euros_789_1": 0.0, "14_TVA_789_1": 0.0, "15_20,00%._789_1": 0.0, "16_.3,72_789_1": 0.8, "17_euros_789_1": 0.0, "18_18,58_789_1": 0.0, "19_HT...._789_1": 0.8333333333333334, "20_PRIX_789_1": 0.0, "21_euros_789_1": 0.0, "0_31/12/2017_X51005230657_1": 0.0, "1_10:33:59_X51005230657_1": 0.0, "2_AM_X51005230657_1": 0.0, "3_any_X51005230657_1": 0.0, "4_enquiry,_X51005230657_1": 0.0, "5_please_X51005230657_1": 0.0, "6_For_X51005230657_1": 0.0, "7_email_X51005230657_1": 0.0, "8_us:_X51005230657_1": 0.0, "9_YOU_X51005230657_1": 0.6666666666666666, "10_THANK_X51005230657_1": 0.0, "11_7.50_X51005230657_1": 0.0, "12_Total_X51005230657_1": 0.0, "13_0.45_X51005230657_1": 0.25, "14_SR@A_X51005230657_1": 0.0, "15_0.45_X51005230657_1": 0.0, "16_7.50_X51005230657_1": 0.0, "17_(RM)._X51005230657_1": 0.2, "18_(RM)_X51005230657_1": 0.0, "19_Summary_X51005230657_1": 0.0, "20_GST_X51005230657_1": 0.0, "21_Amount_X51005230657_1": 0.0, "22_Tax_X51005230657_1": 0.0, "23_Tender:_X51005230657_1": 0.14285714285714285, "24_Total_X51005230657_1": 0.0, "25_Qty_X51005230657_1": 0.3333333333333333, "26_205_X51005230657_1": 0.0, "27_7.95_X51005230657_1": 0.25, "28_Rounding_X51005230657_1": 0.0, "29_Adjustment:_X51005230657_1": 0.09090909090909091, "30_7.95_X51005230657_1": 0.0, "31_0.5000_X51005230657_1": 0.0, "32_@_X51005230657_1": 0.0, "33_PVC_X51005230657_1": 0.0, "34_NUT_X51005230657_1": 0.0, "35_BOX_X51005230657_1": 0.0, "36_0.53_X51005230657_1": 0.25, "37_3\"_X51005230657_1": 0.0, "38_X_X51005230657_1": 1.0, "39_3\"_X51005230657_1": 0.5, "40_2862_X51005230657_1": 0.0, "41_A1_X51005230657_1": 0.5, "42_1_X51005230657_1": 0.0, "43_SR_X51005230657_1": 0.5, "0_QTE_414_0": 0.3333333333333333, "1_MONTANT_414_0": 0.2857142857142857, "2_DESCRIPTION_414_0": 0.0, "3_:_414_0": 1.0, "4_Tel_414_0": 0.0, "5_17000_414_0": 0.0, "6_ROCHELLE_414_0": 0.0, "7_SCIERIE_414_0": 0.0, "8_RUE_414_0": 0.0, "9_DE_414_0": 0.0, "10_33_414_0": 0.0, "11_LA_414_0": 0.0, "12_CRF-CITY_414_0": 0.0, "13_LA_414_0": 0.0, "14_ROCHELLE_414_0": 0.0, "0_CHANGE_X51005441407_1": 0.0, "1_RM_X51005441407_1": 0.0, "2_35._X51005441407_1": 0.0, "3_85_X51005441407_1": 0.0, "4_RM_X51005441407_1": 0.0, "5_100._X51005441407_1": 0.0, "6_00_X51005441407_1": 0.0, "7_CASH_X51005441407_1": 0.0, "8_TOTAL_X51005441407_1": 0.0, "9_RM_X51005441407_1": 0.0, "10_64._X51005441407_1": 0.0, "11_15_X51005441407_1": 0.0, "12_ing_X51005441407_1": 0.0, "13_justment_X51005441407_1": 0.0, "14_0.02_X51005441407_1": 0.5, "15_Round_X51005441407_1": 0.2, "16_Ad_X51005441407_1": 0.0, "17_RM_X51005441407_1": 0.0, "18_(Incl._X51005441407_1": 0.3333333333333333, "19_Total_X51005441407_1": 0.0, "20_Sales_X51005441407_1": 0.0, "21_6%)_X51005441407_1": 1.0, "22_64_X51005441407_1": 0.0, "23_13_X51005441407_1": 0.0, "24_GST_X51005441407_1": 0.6666666666666666, "25_RM_X51005441407_1": 0.0, "26_Chrg(Incl_X51005441407_1": 0.4444444444444444, "27_5.83_X51005441407_1": 0.5, "28_Service_X51005441407_1": 0.0, "29_GST_X51005441407_1": 0.3333333333333333, "30_6%)_X51005441407_1": 0.6666666666666666, "31_RM_X51005441407_1": 0.0, "32_GTG02_X51005441407_1": 0.0, "33_58_X51005441407_1": 0.0, "34_55.00_X51005441407_1": 0.2, "35_0+0_X51005441407_1": 0.0, "36_30_X51005441407_1": 0.0, "37_1_X51005441407_1": 0.0, "38_Tiger_X51005441407_1": 0.0, "39_Bucket_X51005441407_1": 0.0, "40_UP(RM_X51005441407_1": 0.2, "41_ITEM_X51005441407_1": 0.0, "42_DISC(%)_X51005441407_1": 0.42857142857142855, "43_QTY_X51005441407_1": 1.0, "44_Amt+GST_X51005441407_1": 0.14285714285714285, "45_(RM)_X51005441407_1": 0.0, "46_Table_X51005441407_1": 0.0, "47_No_X51005441407_1": 0.0, "48_C38_X51005441407_1": 0.0, "49_5/3/2018_X51005441407_1": 0.0, "50_22_X51005441407_1": 0.0, "51_Date_X51005441407_1": 0.0, "52_52_X51005441407_1": 0.0, "53_33_X51005441407_1": 0.5, "0_CHANGE DUE_receipt_00317_1": 0.2, "1_6,000_receipt_00317_1": 0.0, "2_40,000_receipt_00317_1": 0.16666666666666666, "3_CASHIDR_receipt_00317_1": 0.14285714285714285, "4_GRAND TOTAL_receipt_00317_1": 0.09090909090909091, "5_34,000_receipt_00317_1": 0.0, "6_SUB TOTAL_receipt_00317_1": 0.1111111111111111, "7_34,000_receipt_00317_1": 0.0, "0_AVEC_782_2": 0.0, "1_LA_782_2": 0.0, "2_ET_782_2": 0.0, "3_TOUJOURS_782_2": 0.0, "4_PLUS_782_2": 0.0, "5_VISITE_782_2": 0.0, "6_VOTRE_782_2": 0.0, "7_DE_782_2": 0.0, "8_VOUS_782_2": 1.0, "9_NOUS_782_2": 0.75, "10_Hodalites,_782_2": 0.2, "11_validite_782_2": 0.0, "12_a_782_2": 1.0, "13_l'accueil_782_2": 0.2222222222222222, "14_duree_782_2": 0.2, "15_de_782_2": 0.0, "16_E.LECLERC._782_2": 0.0, "17_votre_782_2": 0.4, "18_carte_782_2": 0.0, "19_presentation_782_2": 0.0, "20_l'operation_782_2": 0.18181818181818182, "21_et_782_2": 0.0, "22_sur_782_2": 0.0, "23_de_782_2": 0.0, "24_E.LECLERC_782_2": 0.0, "25_participant_782_2": 0.0, "26_nagasins_782_2": 0.125, "27_a_782_2": 1.0, "28_vos_782_2": 0.0, "29_prochains_782_2": 0.4444444444444444, "30_achats_782_2": 0.0, "31_dans_782_2": 0.0, "32_tous_782_2": 0.0, "33_les_782_2": 0.3333333333333333, "34_Ce_782_2": 0.5, "35_CUMUL_782_2": 0.2, "36_DISPONIBLE_782_2": 0.0, "37_est_782_2": 1.0, "38_a_782_2": 1.0, "39_sur_782_2": 0.0, "40_valoir_782_2": 0.0, "41_25/12/16_782_2": 0.25, "42_8.45_782_2": 0.0, "43_E_782_2": 0.0, "44_CUHUL_782_2": 0.2, "45_DISPONIBLE_782_2": 0.2, "46_AU_782_2": 0.0, "0_static_receipt_00611_1": 0.0, "1_90.800_receipt_00611_1": 0.0, "2_Go-Pay_receipt_00611_1": 0.0, "3_QR_receipt_00611_1": 0.5, "4_TOTAL_receipt_00611_1": 0.0, "5_90.800_receipt_00611_1": 0.0, "6_Subtotal_receipt_00611_1": 0.0, "7_90.800_receipt_00611_1": 0.0, "8_Wagyu_receipt_00611_1": 0.0, "9_10.000_receipt_00611_1": 0.0, "10_1_receipt_00611_1": 0.0, "11_Rice_receipt_00611_1": 0.0, "12_Box_receipt_00611_1": 0.0, "13_Wagyu_receipt_00611_1": 0.0, "14_(1gr)_receipt_00611_1": 0.0, "15_202_receipt_00611_1": 0.0, "16_Round_receipt_00611_1": 0.0, "17_80.800_receipt_00611_1": 0.0, "0_100,000)_receipt_00750_1": 0.25, "1_Promo_receipt_00750_1": 0.2, "2_(_receipt_00750_1": 1.0, "3_UOB_receipt_00750_1": 0.6666666666666666, "4_20%_receipt_00750_1": 0.0, "5_605,600_receipt_00750_1": 0.2857142857142857, "6_ITEMS_receipt_00750_1": 0.2, "7_TOTAL_receipt_00750_1": 0.0, "8_25,800_receipt_00750_1": 0.0, "9_1_receipt_00750_1": 0.0, "10_Bakso_receipt_00750_1": 0.2, "11_Ikan_receipt_00750_1": 0.0, "12_68,600_receipt_00750_1": 0.0, "13_7_receipt_00750_1": 2.0, "14_Nasi_receipt_00750_1": 0.0, "15_Putih_receipt_00750_1": 0.0, "16_84,000_receipt_00750_1": 0.0, "17_5_receipt_00750_1": 1.0, "18_Green_receipt_00750_1": 0.0, "19_tea_receipt_00750_1": 0.0, "20_Dingin_receipt_00750_1": 0.0, "21_55,600_receipt_00750_1": 0.16666666666666666, "22_2_receipt_00750_1": 0.0, "23_Tahu_receipt_00750_1": 0.0, "24_Isi_receipt_00750_1": 0.0, "25_Ayam_receipt_00750_1": 0.5, "26_21,600_receipt_00750_1": 0.0, "27_Tea_receipt_00750_1": 0.0, "28_Green_receipt_00750_1": 0.2, "29_2_receipt_00750_1": 0.0, "30_Chines_receipt_00750_1": 0.0, "31_Tea_receipt_00750_1": 0.0, "32_19,800_receipt_00750_1": 0.0, "33_Udon_receipt_00750_1": 0.25, "34_1_receipt_00750_1": 1.0, "35_TOM_receipt_00750_1": 0.0, "36_YAM_receipt_00750_1": 0.3333333333333333, "37_1_receipt_00750_1": 1.0, "38_26,800_receipt_00750_1": 0.16666666666666666, "39_Sandwidh_receipt_00750_1": 0.0, "40_1_receipt_00750_1": 0.0, "41_Tahu_receipt_00750_1": 0.0, "42_10,800_receipt_00750_1": 0.16666666666666666, "43_Jepang_receipt_00750_1": 0.3333333333333333, "44_1_receipt_00750_1": 0.0, "45_Tahu_receipt_00750_1": 0.0, "46_31,800_receipt_00750_1": 0.16666666666666666, "47_Kombinasi_receipt_00750_1": 0.1111111111111111, "48_Sutake_receipt_00750_1": 0.0, "49_1_receipt_00750_1": 1.0, "50_34,800_receipt_00750_1": 0.16666666666666666, "51_Enoki_receipt_00750_1": 0.2, "52_Sirloin_receipt_00750_1": 0.2857142857142857, "53_Roll_receipt_00750_1": 0.0, "54_1_receipt_00750_1": 1.0, "55_27,800_receipt_00750_1": 0.0, "56_Special_receipt_00750_1": 0.0, "57_Pangsit_receipt_00750_1": 0.14285714285714285, "58_1_receipt_00750_1": 2.0, "59_22,800_receipt_00750_1": 0.0, "60_Macok_receipt_00750_1": 0.2, "61_Kue_receipt_00750_1": 0.0, "62_1_receipt_00750_1": 1.0, "63_Ayam_receipt_00750_1": 0.75, "64_Kaldu_receipt_00750_1": 0.0, "65_Kuah_receipt_00750_1": 0.0, "66_1_receipt_00750_1": 1.0, "67_15,800_receipt_00750_1": 0.0, "68_hongkong_receipt_00750_1": 0.375, "69_Kailan_receipt_00750_1": 0.3333333333333333, "70_1_receipt_00750_1": 2.0, "71_Kuping_receipt_00750_1": 0.16666666666666666, "72_21,800_receipt_00750_1": 0.16666666666666666, "73_Jamur_receipt_00750_1": 0.2, "74_1_receipt_00750_1": 1.0, "75_Jamur_receipt_00750_1": 0.4, "76_Ayam_receipt_00750_1": 0.75, "77_32,800_receipt_00750_1": 0.16666666666666666, "78_Isi_receipt_00750_1": 0.3333333333333333, "79_1_receipt_00750_1": 2.0, "80_Glue_receipt_00750_1": 0.0, "81_27,800_receipt_00750_1": 0.0, "82_Fish_receipt_00750_1": 0.0, "83_1_receipt_00750_1": 0.0, "84_Ayam_receipt_00750_1": 0.75, "85_Carsiupau_receipt_00750_1": 0.2222222222222222, "86_22,800_receipt_00750_1": 0.16666666666666666, "87_1_receipt_00750_1": 2.0, "88_special_receipt_00750_1": 0.0, "89_caisim_receipt_00750_1": 0.3333333333333333, "90_15,800_receipt_00750_1": 0.0, "91_1_receipt_00750_1": 2.0, "92_Mieo_receipt_00750_1": 0.0, "93_Cai_receipt_00750_1": 0.0, "94_15,800_receipt_00750_1": 0.0, "95_1_receipt_00750_1": 2.0, "96_Bakpao_receipt_00750_1": 0.0, "97_asin_receipt_00750_1": 0.0, "98_telur_receipt_00750_1": 0.2, "99_22,800_receipt_00750_1": 0.16666666666666666, "100_1_receipt_00750_1": 1.0, "0_VOTRE_715_4": 0.0, "1_VISITE_715_4": 0.0, "2_REGAIN_715_4": 0.0, "3_VOUS_715_4": 1.0, "4_REMERCIE_715_4": 0.125, "5_DE_715_4": 0.0, "6_42_715_4": 0.0, "7_05_715_4": 0.0, "8_17690_715_4": 0.0, "9_ANGOULINS_715_4": 0.1111111111111111, "10_TEL:_715_4": 0.75, "11_05_715_4": 0.0, "12_46_715_4": 0.0, "13_03_715_4": 0.0, "14_:_715_4": 1.0, "15_6/3/17_715_4": 0.0, "16_Ticket_715_4": 0.0, "17_1-02960_715_4": 0.0, "18_Dt_715_4": 0.0, "19_17h05_715_4": 0.0, "20_71,11_715_4": 0.2, "21_67,40_715_4": 0.2, "22_3,71_715_4": 0.5, "23_5,50%_715_4": 0.2, "24_Taux_715_4": 0.0, "25_Mt_715_4": 0.0, "26_HT_715_4": 0.0, "27_T.V.A_715_4": 0.0, "28_Mt_715_4": 0.0, "29_TTC_715_4": 0.0, "30_71,11\u20ac_715_4": 0.5, "31_CREDIT_715_4": 0.0, "32_Euro_715_4": 0.25, "33_CARTE_715_4": 0.0, "34_\u20ac_715_4": 0.0, "35_0,050kg_715_4": 0.14285714285714285, "36_6,05\u20ac/kg_715_4": 0.375, "37_0,30_715_4": 0.25, "38_X_715_4": 0.0, "0_ _receipt_00600_0": 3.0, "0_:_805_0": 1.0, "1_Num_805_0": 0.0, "2_Ticket_805_0": 0.0, "3_99_805_0": 0.5, "4_Rayon_805_0": 0.0, "5_:_805_0": 1.0, "6_Vendeur_805_0": 0.0, "7_3_805_0": 0.0, "8_GILLOU_805_0": 0.0, "9_:_805_0": 1.0, "10_Date_805_0": 0.0, "11_08/07/2017_805_0": 0.2, "12_11:_805_0": 1.0, "13_16_805_0": 0.0, "14_Balance:_805_0": 0.0, "15_3_805_0": 0.0, "16_Client:_805_0": 0.0, "17_29_805_0": 0.5, "18_06_805_0": 0.0, "19_63_805_0": 0.0, "20_28_805_0": 0.0, "21_50_805_0": 0.0, "22_44_805_0": 1.0, "23_PRI_805_0": 0.0, "24_MEURS_805_0": 0.0, "25_17_805_0": 0.0, "0_28/12/16_743_0": 0.0, "1_Ticket_743_0": 0.0, "2_0_743_0": 0.0, "3_2B8S_743_0": 0.5, "4_00P00_743_0": 0.2, "5_Caisse_743_0": 0.0, "6_081-0408_743_0": 0.0, "7_28_743_0": 0.5, "8_decembre_743_0": 0.125, "9_2016_743_0": 0.0, "10_10:28_743_0": 0.0, "11_05_743_0": 0.0, "12_Tel_743_0": 0.0, "13_46_743_0": 0.0, "14_34_743_0": 0.0, "15_93_743_0": 0.0, "16_39_743_0": 0.0, "17_17140_743_0": 0.0, "18_LAGORD_743_0": 0.0, "19_Fief_743_0": 0.0, "20_Rose_743_0": 0.0, "21_Parc_743_0": 0.0, "22_du_743_0": 0.0, "23_E.Leclerc_743_0": 0.0, "0_50,000_receipt_00412_1": 0.0, "1_CASH_receipt_00412_1": 0.0, "0_ _receipt_00327_0": 2.0, "0_KEMBALI_receipt_00066_1": 0.5714285714285714, "1_2.100_receipt_00066_1": 0.0, "2_TUNAI_receipt_00066_1": 1.0, "3_60.000_receipt_00066_1": 0.0, "4_GRAND_receipt_00066_1": 0.6, "5_TOTAL_receipt_00066_1": 0.8, "6_57.900_receipt_00066_1": 0.3333333333333333, "7_TAX_receipt_00066_1": 1.0, "8_10.00_receipt_00066_1": 0.2, "9_%_receipt_00066_1": 1.0, "10_5.264_receipt_00066_1": 0.2, "11_TOTAL_receipt_00066_1": 0.8, "12_52.636_receipt_00066_1": 0.3333333333333333, "13_AQUA_receipt_00066_1": 1.0, "14_BOTOL_receipt_00066_1": 0.6, "15_9.000_receipt_00066_1": 0.0, "16_1_receipt_00066_1": 1.0, "17_9.000_receipt_00066_1": 0.0, "18_ISI_receipt_00066_1": 1.0, "19_CAMPUR_receipt_00066_1": 0.5, "20_1_receipt_00066_1": 1.0, "21_43.636_receipt_00066_1": 0.16666666666666666, "22_43.636_receipt_00066_1": 0.3333333333333333, "0_BIENTOT_302_1": 0.0, "1_MERCI_302_1": 0.0, "2_DE_302_1": 0.0, "3_VOTRE_302_1": 0.0, "4_VISITE_302_1": 0.0, "5_0006_302_1": 0.5, "6_28/06/2017_302_1": 0.0, "7_003_302_1": 0.3333333333333333, "8_000097_302_1": 0.0, "9_12:17:22_302_1": 0.0, "10_CB_302_1": 0.5, "11_EMV_302_1": 0.6666666666666666, "12_SANS_302_1": 0.0, "13_CONTACT_302_1": 0.0, "14_EUR_302_1": 0.0, "15_9.58\u20ac_302_1": 0.4, "16_AITICLE(S)_302_1": 0.1, "17_TOTAL_302_1": 0.0, "18_A_302_1": 0.0, "19_4_302_1": 1.0, "20_PAYER_302_1": 0.0, "21_9.58\u20ac_302_1": 0.4, "22_*TABOUI_302_1": 0.5714285714285714, "23_E_302_1": 0.0, "24_VOLAILLE_302_1": 0.375, "25_1.70\u20ac_302_1": 0.4, "26_*HOUSSI_302_1": 0.42857142857142855, "27_AU_302_1": 0.5, "28_CHOCOLAT_302_1": 0.0, "29_2x_302_1": 1.0, "30_3.:1_302_1": 1.0, "31_6.226_302_1": 0.6, "32_MAROTTES_302_1": 0.625, "33_RAPE_302_1": 0.0, "34_*300G_302_1": 0.4, "35_1.b00_302_1": 1.0, "0_A_239_2": 0.0, "1_BIENTOT_239_2": 0.0, "2_Vous_239_2": 0.0, "3_remercie_239_2": 0.0, "4_de_239_2": 0.0, "5_votre_239_2": 0.0, "6_visite_239_2": 0.0, "7_CARREFOUR_239_2": 0.0, "8_MARKET_239_2": 0.0, "9_AYTRE_239_2": 0.0, "10_0101_239_2": 0.0, "11_30/12/2016_239_2": 0.0, "12_09:37:56_239_2": 0.0, "13_002_239_2": 0.0, "14_000027_239_2": 0.0, "0_:_536_1": 1.0, "1_Carte_536_1": 0.0, "2_5.73\u20ac_536_1": 0.4, "3_CB_536_1": 0.0, "4_EMV_536_1": 0.3333333333333333, "5_SANS_536_1": 0.0, "6_CONTACT_536_1": 0.0, "7_EUR_536_1": 0.0, "8_ARTICLE(S)_536_1": 0.0, "9_A_536_1": 0.0, "10_PAYER_536_1": 0.0, "11_5.73\u20ac_536_1": 0.4, "12_3_536_1": 0.0, "13_TOTAL_536_1": 0.0, "14_*POULET_536_1": 0.0, "15_CHANP_536_1": 0.2, "16_NOIR_536_1": 0.0, "17_3.65\u20ac_536_1": 0.4, "18_0.192kg_536_1": 0.0, "19_2.50\u20ac/kg_536_1": 0.125, "20_x_536_1": 0.0, "21_*F_536_1": 0.5, "22_POMME_536_1": 0.4, "23_ROUGE_536_1": 0.0, "24_0.48\u20ac_536_1": 0.4, "25_*200G_536_1": 0.4, "26_CAROTTE_536_1": 0.14285714285714285, "27_RAPE_536_1": 0.0, "28_BI_536_1": 0.5, "29_1.60\u20ac_536_1": 0.4, "0_DESCRIPTION_228_0": 0.0, "1_QTE_228_0": 1.0, "2_MONTANT_228_0": 0.14285714285714285, "3_Gargot_228_0": 0.0, "4_Rue_228_0": 0.0, "5_Nicolas_228_0": 0.0, "6_Aytre._228_0": 0.3333333333333333, "7_17440_228_0": 0.0, "8_Dimanche_228_0": 0.0, "9_9h_228_0": 1.0, "10_a_228_0": 1.0, "11_12h30_228_0": 0.0, "12_Lundi_228_0": 0.0, "13_au_228_0": 0.0, "14_Samedi_228_0": 0.0, "15_de_228_0": 0.0, "16_9h_228_0": 1.0, "17_a_228_0": 1.0, "18_20h00_228_0": 0.0, "19_:_228_0": 1.0, "20_Tel_228_0": 0.0, "21_0546457320_228_0": 0.0, "22_Carrefour_228_0": 0.0, "23_market_228_0": 0.0, "24_AYTRE_228_0": 0.0, "0_N_785_1": 3.0, "1_carte:_785_1": 0.0, "2_..8506_785_1": 0.3333333333333333, "3_E..CB_785_1": 1.0, "4_VERSO_785_1": 0.0, "5_AU_785_1": 0.5, "6_RECU_785_1": 0.0, "7_VALANT_785_1": 0.0, "8_FACTURE_785_1": 0.0, "9_19,40_785_1": 0.0, "10_PRIX_785_1": 0.0, "11_TTC.._785_1": 0.8, "12_euros_785_1": 0.0, "13_euros_785_1": 0.0, "14_20,00%._785_1": 0.0, "15_.3,23_785_1": 1.4, "16_TVA_785_1": 0.0, "17_.16,17_785_1": 1.0, "18_PRIX_785_1": 0.0, "19_HT._785_1": 0.6666666666666666, "20_euros_785_1": 0.0, "0_A BIENTOT_460_2": 0.4444444444444444, "1_VOTRE_460_2": 0.0, "2_VISITE_460_2": 0.0, "3_MERCI_460_2": 0.2, "4_0004_460_2": 0.0, "5_02/03/2017_460_2": 0.0, "6_004_460_2": 0.0, "7_000670_460_2": 0.0, "8_20:10:11_460_2": 0.0, "0_1643_X00016469672_1": 0.25, "1_1_X00016469672_1": 0.0, "2_8.00_X00016469672_1": 0.0, "3_8.00_X00016469672_1": 0.0, "4_8.00_X00016469672_1": 0.0, "5_EY20_X00016469672_1": 0.0, "6_PLUG_X00016469672_1": 0.0, "7_CHAMPION_X00016469672_1": 0.0, "8_70637_X00016469672_1": 0.2, "9_6.00_X00016469672_1": 0.25, "10_6.00_X00016469672_1": 0.25, "11_6.00_X00016469672_1": 0.5, "12_GREASE_X00016469672_1": 0.0, "13_(AKODA)_X00016469672_1": 0.14285714285714285, "14_FOR_X00016469672_1": 0.0, "15_TOOLS_X00016469672_1": 0.0, "16_40ML_X00016469672_1": 0.0, "17_70791_X00016469672_1": 0.0, "18_10.00_X00016469672_1": 0.0, "19_10.00_X00016469672_1": 0.0, "20_1_X00016469672_1": 0.0, "21_10.00_X00016469672_1": 0.0, "22_ENGINE_X00016469672_1": 0.0, "23_OIL_X00016469672_1": 0.3333333333333333, "24_1071_X00016469672_1": 0.0, "25_1._X00016469672_1": 0.5, "26_17.00_X00016469672_1": 0.8, "27_17.00_X00016469672_1": 0.0, "28_17.00_X00016469672_1": 0.0, "29_GIANT_X00016469672_1": 0.0, "30_OVERFLOW_X00016469672_1": 0.0, "31_606_X00016469672_1": 0.6666666666666666, "32_ASSY_X00016469672_1": 0.0, "33_70549_X00016469672_1": 0.2, "34_1_X00016469672_1": 1.0, "35_160.00_X00016469672_1": 0.0, "36_160.00_X00016469672_1": 0.0, "37_160.00_X00016469672_1": 0.0, "38_workmanship_X00016469672_1": 0.0, "39_service_X00016469672_1": 0.0, "40_&_X00016469672_1": 1.0, "41_REPAIR_X00016469672_1": 0.0, "42_ENGINE_X00016469672_1": 0.0, "43_(1UNIT)_X00016469672_1": 0.14285714285714285, "44_POWER_X00016469672_1": 0.0, "45_SPRAYER_X00016469672_1": 0.0, "46_1072_X00016469672_1": 0.0, "47_80.00_X00016469672_1": 0.0, "48_80.00_X00016469672_1": 0.2, "49_80.00_X00016469672_1": 0.0, "50_Qty_X00016469672_1": 0.6666666666666666, "51_Item_X00016469672_1": 0.0, "52_S/Price_X00016469672_1": 0.14285714285714285, "53_S/Price_X00016469672_1": 0.14285714285714285, "54_Tax_X00016469672_1": 0.0, "55_Salesperson_X00016469672_1": 0.0, "56_Ref.:_X00016469672_1": 0.2, "57_Cashier_X00016469672_1": 0.0, "58_USER_X00016469672_1": 0.0, "59_Time:_X00016469672_1": 0.2, "60_09:44:00_X00016469672_1": 0.0, "0_BIENTOT_354_2": 0.0, "1_MERCI_354_2": 0.0, "2_DE_354_2": 0.0, "3_VOTRE_354_2": 0.0, "4_VISITE_354_2": 0.0, "0_2,127_receipt_00598_1": 0.6, "1_PPN=_receipt_00598_1": 0.5, "2_26,600_receipt_00598_1": 0.6666666666666666, "3_KEMBALI_receipt_00598_1": 0.14285714285714285, "4_50,000_receipt_00598_1": 0.0, "5_TUNAI_receipt_00598_1": 0.2, "6_23,400_receipt_00598_1": 0.8333333333333334, "7_TOTAL_receipt_00598_1": 0.0, "8_23,400_receipt_00598_1": 0.0, "9_HARGA_receipt_00598_1": 0.2, "10_JUAL_receipt_00598_1": 0.0, "0_Tel_323_0": 0.0, "1_17000_323_0": 0.0, "2_LA_323_0": 0.5, "3_ROCHELLE_323_0": 0.0, "4_33_323_0": 0.0, "5_RUE_323_0": 0.0, "6_DE_323_0": 0.0, "7_LA_323_0": 0.0, "8_SCIERIE_323_0": 0.0, "9_CRF-CITY_323_0": 0.0, "10_LA_323_0": 0.0, "11_ROCHELLE_323_0": 0.0, "0_48.000_receipt_00444_0": 0.0, "1_Subtotal_receipt_00444_0": 0.0, "2_48.000_receipt_00444_0": 0.0, "3_4x_receipt_00444_0": 0.5, "4_12.000_receipt_00444_0": 0.0, "5_Arem_receipt_00444_0": 0.0, "6_Arem_receipt_00444_0": 0.0, "0_SUB TOTAL_receipt_00125_0": 0.2222222222222222, "1_17,000_receipt_00125_0": 0.3333333333333333, "2_1_receipt_00125_0": 1.0, "3_17,000_receipt_00125_0": 0.3333333333333333, "4_17,000_receipt_00125_0": 0.3333333333333333, "5_TRIPPLE_receipt_00125_0": 0.14285714285714285, "6_CHEESE_receipt_00125_0": 0.3333333333333333, "0_10.500_receipt_00227_1": 1.0, "1_Change:_receipt_00227_1": 0.2857142857142857, "2_20.000,00_receipt_00227_1": 0.4444444444444444, "3_Tendered:_receipt_00227_1": 0.3333333333333333, "4_Cash_receipt_00227_1": 0.5, "5_9.500,00_receipt_00227_1": 0.25, "6_Total._receipt_00227_1": 0.3333333333333333, "7_1_receipt_00227_1": 1.0, "8_Item:_receipt_00227_1": 1.0, "9_Total_receipt_00227_1": 0.0, "0_ _receipt_00115_0": 3.0, "0_Page_671_1": 0.0, "1_Facebook_671_1": 0.0, "2_Jardireve_671_1": 0.0, "3_Saran_671_1": 0.0, "4_Fermeture_671_1": 0.0, "5_a_671_1": 0.0, "6_18h30_671_1": 0.0, "7_tous_671_1": 0.0, "8_les_671_1": 0.0, "9_dimanches_671_1": 0.0, "10_De_671_1": 0.0, "11_9H30_671_1": 0.25, "12_a_671_1": 0.0, "13_12H15_671_1": 0.2, "14_de_671_1": 0.0, "15_14H15_671_1": 0.0, "16_19H_671_1": 0.0, "17_et_671_1": 0.5, "18_a_671_1": 0.0, "19_jours_671_1": 0.0, "20_Ouvert_671_1": 0.0, "21_tous_671_1": 0.0, "22_les_671_1": 0.0, "23_meme_671_1": 0.0, "24_le_671_1": 0.0, "25_dimanche_671_1": 0.0, "26_JARDIREVE_671_1": 0.1111111111111111, "27_VOUS_671_1": 1.0, "28_REMERCIE_671_1": 0.0, "29_20.00_671_1": 0.0, "30_15.20_671_1": 0.2, "31_12.67_671_1": 0.2, "32_6_671_1": 1.0, "33_2.53_671_1": 0.0, "34_Total_671_1": 0.0, "35_HT_671_1": 0.0, "36_%_671_1": 0.0, "37_TVA_671_1": 0.0, "38_Total_671_1": 0.0, "39_tva_671_1": 0.0, "40_Total_671_1": 0.0, "41_ttc_671_1": 0.3333333333333333, "42_Carte_671_1": 0.0, "43_15.20_671_1": 0.0, "44_1:_671_1": 0.0, "45_15.20_671_1": 0.0, "46_TOTAL:_671_1": 0.0, "47_5.00_671_1": 0.0, "48_x_671_1": 0.0, "49_2.50_671_1": 0.0, "50_12.50_671_1": 0.0, "51_=_671_1": 0.0, "0_ECHANGES_793_2": 0.0, "1_NI_793_2": 0.0, "2_LES_793_2": 0.0, "3_SOLDES_793_2": 0.0, "4_NE_793_2": 0.0, "5_SONT_793_2": 0.0, "6_NI_793_2": 0.0, "7_REPRISES_793_2": 0.0, "8_DIMANCHE_793_2": 0.0, "9_9H-12H30_793_2": 0.125, "10_LUNDI_793_2": 0.0, "11_AU_793_2": 0.0, "12_SAMEDI_793_2": 0.0, "13_9H-19H30_793_2": 0.125, "14_DU_793_2": 1.0, "15_D'OUVERTURE_793_2": 0.0, "16_HORAIRES_793_2": 0.125, "17_CE_793_2": 0.5, "18_TICKET_793_2": 0.0, "19_GARANTIE_793_2": 0.0, "20_VAUT_793_2": 0.5, "21_BON_793_2": 0.0, "22_DE_793_2": 0.0, "23_MERCI_793_2": 0.0, "24_DE_793_2": 0.0, "25_VOTRE_793_2": 0.0, "26_VISITE_793_2": 0.0, "27_ET_793_2": 0.0, "28_A_793_2": 0.0, "29_BIENTOT_793_2": 0.0, "30_01003_793_2": 0.0, "31_M01321_793_2": 0.0, "32_C014_793_2": 0.5, "33_T0060_793_2": 0.0, "34_12:37:11_793_2": 0.0, "35_11/01/2017_793_2": 0.0, "36_5,50%_793_2": 0.0, "37_7,58_793_2": 0.5, "38_0,42_793_2": 0.25, "39_8,00_793_2": 0.75, "40_MT._793_2": 0.0, "41_CODE_793_2": 0.0, "42_TVA_793_2": 0.0, "43_NT_793_2": 0.5, "44_MT._793_2": 0.0, "45_TVA_793_2": 0.0, "46_MT._793_2": 0.0, "47_TTC_793_2": 0.0, "0_A_65_2": 0.0, "1_BIENTOT_65_2": 0.0, "0_14.000_receipt_00535_1": 1.0, "1_CASH_receipt_00535_1": 1.25, "2_14,000_receipt_00535_1": 0.3333333333333333, "3_TOTAL_receipt_00535_1": 0.6, "4_14,000_receipt_00535_1": 0.6666666666666666, "5_SUBTOTAL_receipt_00535_1": 0.875, "6_1_receipt_00535_1": 1.0, "7_14,000_receipt_00535_1": 0.6666666666666666, "8_Milo_receipt_00535_1": 1.0, "0_A_165_1": 0.0, "1_BIENTOT_165_1": 0.0, "2_MERCI_165_1": 0.0, "3_DE_165_1": 0.0, "4_VOTRE_165_1": 0.0, "5_VISITE_165_1": 0.0, "6_0004_165_1": 0.0, "7_004_165_1": 0.0, "8_27/10/2016_165_1": 0.1, "9_12:01:31_165_1": 0.0, "10_000076_165_1": 0.3333333333333333, "11_CB_165_1": 0.0, "12_EMV_165_1": 0.0, "13_SANS_165_1": 0.0, "14_CONTACT_165_1": 0.0, "15_EUR_165_1": 0.0, "16_6.90\u20ac_165_1": 0.4, "17_(S)_165_1": 0.3333333333333333, "18_3_165_1": 0.0, "19_ARTICLE_165_1": 0.0, "20_TOTAL_165_1": 0.0, "21_A_165_1": 0.0, "22_PAYER_165_1": 0.0, "23_6.90\u20ac_165_1": 0.4, "24_VACHE_165_1": 0.2, "25_A_165_1": 2.0, "26_BOIRE_165_1": 0.0, "27_YRT_165_1": 0.0, "28_1.92\u20ac_165_1": 0.4, "29_SEL_165_1": 0.0, "30_DE_165_1": 0.0, "31_GUERANDE_165_1": 0.0, "32_1.61\u20ac_165_1": 0.4, "33_CHILI_165_1": 0.0, "34_CON_165_1": 0.0, "35_CR_165_1": 0.0, "36_3.37\u20ac_165_1": 0.4, "37_CARNE_165_1": 0.0, "0_bientot_603_3": 0.0, "1_A_603_3": 0.0, "2_votre_603_3": 0.0, "3_visite_603_3": 0.0, "4_Merci_603_3": 0.0, "5_de_603_3": 0.5, "6_0,00_603_3": 0.25, "7_6,92_603_3": 1.0, "8_0.00%_603_3": 0.0, "9_TVA_603_3": 0.0, "10_A_603_3": 0.0, "0_MERCI_610_1": 0.0, "1_DE_610_1": 0.0, "2_VOTRE_610_1": 0.0, "3_VISITE_610_1": 0.0, "4_Ticket_610_1": 0.0, "5_No_610_1": 0.5, "6_031786_610_1": 0.0, "7_002_610_1": 0.0, "8_/_610_1": 1.0, "9_04/07/2017_610_1": 0.0, "10_/_610_1": 1.0, "11_000008_610_1": 0.0, "12_12:57:40_610_1": 0.0, "13_10.04_610_1": 0.0, "14_Totaux:_610_1": 0.0, "15_0.56_610_1": 0.25, "16_10.04_610_1": 0.0, "17_1>_610_1": 0.5, "18_5.50_610_1": 0.0, "19_0.56_610_1": 0.0, "20_H.T._610_1": 0.75, "21_Taux_610_1": 0.0, "22_TVA._610_1": 0.0, "23_ESPECES_610_1": 0.0, "24_10.60EUR_610_1": 0.0, "25_=_610_1": 0.0, "26_=TOTAL_610_1": 0.6666666666666666, "27_(3)_610_1": 0.6666666666666666, "28_10.60EUR_610_1": 0.0, "0_ _receipt_00429_0": 2.0, "0_DESIGNATION_583_0": 0.0, "1_MONTANT_583_0": 0.0, "2_P.U x_583_0": 0.2, "3_QTE_583_0": 0.3333333333333333, "4_Reprise_583_0": 0.0, "5_SELF_583_0": 0.0, "6_SCANNING_583_0": 0.0, "7_TRX:_583_0": 0.0, "8_03162042_583_0": 0.0, "9_Lundi_583_0": 0.4, "10_au_583_0": 0.0, "11_samedi_583_0": 0.5, "12_de_583_0": 0.5, "13_8h30_583_0": 0.25, "14_a_583_0": 0.0, "15_21h00_583_0": 0.0, "16_TE1:_583_0": 0.25, "17_05_583_0": 0.5, "18_46_583_0": 1.0, "19_51_583_0": 0.0, "20_23_583_0": 0.0, "21_79_583_0": 0.5, "0_CHANGE_receipt_00047_1": 0.0, "1_CASH_receipt_00047_1": 0.25, "2_TOTAL_receipt_00047_1": 0.0, "3_TT_receipt_00047_1": 1.0, "4_ICED_receipt_00047_1": 0.0, "0_ _receipt_00772_0": 1.0, "0_MERCI_24_2": 0.0, "1_DE_24_2": 0.0, "2_VOTRE_24_2": 0.0, "3_VISITE_24_2": 0.0, "0_DESCRIPTION_44_0": 0.0, "1_QTE_44_0": 0.6666666666666666, "2_NONTANT_44_0": 0.14285714285714285, "3_Tel_44_0": 0.0, "4_17000_44_0": 0.0, "5_LA_44_0": 0.5, "6_ROCHELLE_44_0": 0.0, "7_33_44_0": 0.0, "8_RUE_44_0": 0.0, "9_DE_44_0": 0.0, "10_LA_44_0": 0.0, "11_SCIERIE_44_0": 0.0, "12_CRF-CITY_44_0": 0.0, "13_LA_44_0": 0.5, "14_ROCHELLE_44_0": 0.0, "0_Tel_408_0": 0.0, "1_17000_408_0": 0.0, "2_RUE_408_0": 0.0, "3_DE_408_0": 0.0, "4_SCIERIE_408_0": 0.14285714285714285, "5_33_408_0": 1.5, "6_CRF-CITY_408_0": 0.0, "7_LA_408_0": 0.0, "8_ROCHELLE_408_0": 0.0, "0_Tel_8_0": 0.0, "1_17000_8_0": 0.0, "2_LA_8_0": 0.0, "3_ROCHELLE_8_0": 0.0, "4_33_8_0": 1.0, "5_RUE_8_0": 0.0, "6_SCIERIE_8_0": 0.0, "7_DE_8_0": 0.0, "8_LA_8_0": 0.5, "9_CRF-CITY_8_0": 0.0, "10_LA_8_0": 0.0, "11_ROCHELLE_8_0": 0.0, "0_QTE_264_0": 1.0, "1_MONTANT_264_0": 0.14285714285714285, "2_DESCRIPTION_264_0": 0.09090909090909091, "3_Tel_264_0": 0.0, "4_ROCHELLE_264_0": 0.0, "5_17000_264_0": 0.0, "6_SCIERIE_264_0": 0.0, "7_DE_264_0": 0.0, "8_LA_264_0": 0.0, "9_33_264_0": 0.0, "10_RUE_264_0": 0.0, "11_ROCHELLE_264_0": 0.0, "12_CRF-CITY_264_0": 0.0, "13_LA_264_0": 0.5, "0_14.000_receipt_00271_1": 0.0, "1_Change_receipt_00271_1": 0.16666666666666666, "2_36.000_receipt_00271_1": 0.16666666666666666, "3_CASH_receipt_00271_1": 0.0, "4_50.000_receipt_00271_1": 0.16666666666666666, "5_Tendered_receipt_00271_1": 0.0, "0_Fre_receipt_00008_0": 0.0, "1_grentea_receipt_00008_0": 0.0, "2_ice_receipt_00008_0": 0.0, "3_Rp 0.000_receipt_00008_0": 0.375, "4_0.000_receipt_00008_0": 0.0, "5_1x_receipt_00008_0": 1.0, "6_Kimchi_receipt_00008_0": 0.0, "7_P_receipt_00008_0": 1.0, "8_36.000_receipt_00008_0": 0.0, "9_36.000_receipt_00008_0": 0.0, "10_1x_receipt_00008_0": 1.0, "0_40,000_receipt_00731_0": 0.0, "1_1_receipt_00731_0": 1.0, "2_SPICY_receipt_00731_0": 0.0, "3_CHEESE_receipt_00731_0": 0.0, "4_C_receipt_00731_0": 2.0, "5_9,091_receipt_00731_0": 0.0, "6_TEH_receipt_00731_0": 0.0, "7_1_receipt_00731_0": 0.0, "8_PUCUK_receipt_00731_0": 0.0, "0_6.72\u20ac_92_1": 0.4, "1_BANCAIRE_92_1": 0.0, "2_EMV_92_1": 0.3333333333333333, "3_EUR_92_1": 0.0, "4_CARTE_92_1": 0.0, "5_6.72\u20ac_92_1": 0.4, "6_ARTICLE_92_1": 0.0, "7_(S)_92_1": 0.6666666666666666, "8_TOTAL_92_1": 0.0, "9_A_92_1": 0.0, "10_PAYER_92_1": 0.0, "11_5_92_1": 1.0, "12_2.95\u20ac/kg_92_1": 0.375, "13_0.385kg_92_1": 0.14285714285714285, "14_x_92_1": 0.0, "15_1.14\u20ac_92_1": 0.4, "16_GROSSE_92_1": 0.0, "17_GOLDEN_92_1": 0.16666666666666666, "18_*POMME_92_1": 0.5, "19_2.50\u20ac/kg_92_1": 0.375, "20_0.290kg_92_1": 0.0, "21_x_92_1": 0.0, "22_0.73\u20ac_92_1": 0.4, "23_*CLEMENTINE_92_1": 0.09090909090909091, "24_0.140kg_92_1": 0.0, "25_1.95\u20ac/kg_92_1": 0.375, "26_x_92_1": 1.0, "27_0.27\u20ac_92_1": 0.4, "28_*BANANE_92_1": 0.14285714285714285, "29_0.84\u20ac_92_1": 0.4, "30_*BAGUETTE_92_1": 0.1111111111111111, "31_250G_92_1": 0.25, "32_3.74\u20ac_92_1": 0.4, "33_SLD.MANHATTAN_92_1": 0.15384615384615385, "34_*320G_92_1": 0.2, "35_MONTANT_92_1": 0.14285714285714285, "36_QTE_92_1": 1.0, "37_DESCRIPTION_92_1": 0.0, "0_8,635_receipt_00595_1": 0.2, "1_Kembalian_receipt_00595_1": 0.2222222222222222, "2_220,000_receipt_00595_1": 0.0, "3_Cash_receipt_00595_1": 1.0, "4_GrandTotal_receipt_00595_1": 0.3, "5_211,365_receipt_00595_1": 0.5714285714285714, "6_PB1_receipt_00595_1": 0.6666666666666666, "7_10.00_receipt_00595_1": 0.2, "8_%_receipt_00595_1": 2.0, "9_19,215_receipt_00595_1": 0.3333333333333333, "10_Serv.Charge:_receipt_00595_1": 0.16666666666666666, "11_5.00_receipt_00595_1": 0.5, "12_%_receipt_00595_1": 1.0, "13_9,150_receipt_00595_1": 0.2, "14_Subtotal_receipt_00595_1": 0.125, "15_183,000_receipt_00595_1": 0.42857142857142855, "0_MONTANT_245_0": 0.14285714285714285, "1_QTE_245_0": 1.0, "2_DESCRIPTION_245_0": 0.0, "3_Aytre._245_0": 0.16666666666666666, "4_Gargot_245_0": 0.0, "5_17440_245_0": 0.0, "6_Nicolas_245_0": 0.0, "7_Rue_245_0": 0.0, "8_12h30_245_0": 0.0, "9_9h_245_0": 1.0, "10_a_245_0": 0.0, "11_Dimanche_245_0": 0.0, "12_20h00_245_0": 0.0, "13_Samedi_245_0": 0.0, "14_de_245_0": 0.0, "15_9h_245_0": 0.5, "16_a_245_0": 1.0, "17_Lundi_245_0": 0.0, "18_au_245_0": 0.0, "19_:_245_0": 2.0, "20_0546457320_245_0": 0.0, "21_Tel_245_0": 0.0, "22_AYTRE_245_0": 0.0, "23_Carrefour_245_0": 0.0, "24_market_245_0": 0.0, "0_0_receipt_00701_1": 1.0, "1_CHANGE_receipt_00701_1": 0.3333333333333333, "2_3,703,791_receipt_00701_1": 0.3333333333333333, "3_Card_receipt_00701_1": 0.5, "4_3,703,791_receipt_00701_1": 0.3333333333333333, "5_TOTAL_receipt_00701_1": 0.6, "6_300,000_receipt_00701_1": 0.14285714285714285, "7_Discount_receipt_00701_1": 0.125, "8_362,581_receipt_00701_1": 0.0, "9_Tax_receipt_00701_1": 1.0, "10_238,210_receipt_00701_1": 0.2857142857142857, "11_Service_receipt_00701_1": 0.14285714285714285, "12_3,403,000_receipt_00701_1": 0.0, "13_Sub_receipt_00701_1": 0.3333333333333333, "14_Total_receipt_00701_1": 0.0, "15_GAMJAJEON_receipt_00701_1": 0.0, "16_100,000_receipt_00701_1": 0.0, "17_1_receipt_00701_1": 2.0, "18_CHEESE_receipt_00701_1": 0.0, "19_160,000_receipt_00701_1": 0.0, "20_1_receipt_00701_1": 1.0, "21_U_receipt_00701_1": 1.0, "22_GYEOP_receipt_00701_1": 0.8, "23_SAM_receipt_00701_1": 0.0, "24_660,000_receipt_00701_1": 0.14285714285714285, "25_KKOT_receipt_00701_1": 0.0, "26_SAL_receipt_00701_1": 1.0, "27_2_receipt_00701_1": 0.0, "28_CHAM_receipt_00701_1": 0.0, "0_0008_73_2": 0.5, "1_003_73_2": 0.0, "2_000416_73_2": 0.0, "3_20/01/2016_73_2": 0.1, "4_19:11:51_73_2": 0.0, "5_200G_73_2": 0.25, "6_CHOCOLAT_73_2": 0.0, "7_LAIT_73_2": 0.25, "8_0.10\u20ac_73_2": 0.4, "9_Details:_73_2": 0.0, "10_compte_73_2": 0.0, "11_votre_73_2": 0.0, "12_fidelite_73_2": 0.0, "13_Carrefour._73_2": 0.0, "14_auriez_73_2": 0.0, "15_cumule_73_2": 0.0, "16_0.10\u20ac_73_2": 0.4, "17_sur_73_2": 0.0, "18_Si_73_2": 0.0, "19_la_73_2": 0.0, "20_fidelite,_73_2": 0.0, "21_vous_73_2": 0.0, "22_aviez_73_2": 0.0, "23_carte_73_2": 0.0, "24_CARTE_73_2": 0.0, "25_BANCAIRE_73_2": 0.0, "26_EMV_73_2": 0.6666666666666666, "27_EUR_73_2": 0.0, "28_16.01\u20ac_73_2": 0.3333333333333333, "0_THANE_X51005268200_2": 0.0, "1_YOU_X51005268200_2": 0.6666666666666666, "2_FOR_X51005268200_2": 0.6666666666666666, "3_CHOUSING_X51005268200_2": 0.125, "4_KEFUNDABLE,_X51005268200_2": 0.18181818181818182, "5_GOODS_X51005268200_2": 0.0, "6_SOLD_X51005268200_2": 0.0, "7_ARE_X51005268200_2": 0.3333333333333333, "8_NOT_X51005268200_2": 0.0, "9_0.85_X51005268200_2": 0.0, "10_TUTAL:_X51005268200_2": 0.16666666666666666, "11_SAX_X51005268200_2": 0.3333333333333333, "12_SR_X51005268200_2": 0.0, "13_14.15_X51005268200_2": 0.0, "14_0.85_X51005268200_2": 0.0, "15_TAX/AMT_X51005268200_2": 0.0, "16_CODE_X51005268200_2": 0.0, "17_AMOUNI_X51005268200_2": 0.16666666666666666, "18_GST_X51005268200_2": 0.3333333333333333, "19_SUMMARY_X51005268200_2": 0.0, "20_TOTAL_X51005268200_2": 0.0, "21_@_X51005268200_2": 1.0, "22_INCLUDED_X51005268200_2": 0.0, "23_IN_X51005268200_2": 0.5, "24_*GST_X51005268200_2": 0.25, "25_6%_X51005268200_2": 0.5, "26_0.00_X51005268200_2": 0.75, "27_CHANGE_X51005268200_2": 0.0, "28_15.00_X51005268200_2": 0.0, "29_CASH_X51005268200_2": 0.0, "30_15.00_X51005268200_2": 0.0, "31_TOTAL_X51005268200_2": 0.0, "32_ROUNDING_X51005268200_2": 0.0, "33_0.00_X51005268200_2": 0.0, "0_A_268_2": 0.0, "1_BIENTOT_268_2": 0.0, "2_MERCI_268_2": 0.2, "3_DE_268_2": 0.0, "4_VOTRE_268_2": 0.0, "5_VISITE_268_2": 0.0, "6_0005_268_2": 0.25, "7_003_268_2": 0.0, "8_000390_268_2": 0.0, "9_08/06/2017_268_2": 0.0, "10_20:04:43_268_2": 0.0, "0_TTC_649_0": 1.0, "1_TVA_649_0": 0.6666666666666666, "2_17/06/17_649_0": 0.0, "3_04IY_649_0": 0.75, "4_05900_649_0": 0.2, "5_0_649_0": 0.0, "6_Ticket_649_0": 0.0, "7_juin_649_0": 0.5, "8_004-0114_649_0": 0.0, "9_2017_649_0": 0.0, "10_17:49_649_0": 0.0, "11_17_649_0": 1.0, "12_Caisse_649_0": 0.0, "13_TEL.:_649_0": 0.8, "14_LA_649_0": 0.0, "15_SOUHAITE_649_0": 0.0, "16_D'ANGELY_649_0": 0.0, "17_JEAN_649_0": 0.0, "18_SAINT_649_0": 0.0, "0_:_539_1": 1.0, "1_Carte_539_1": 0.0, "2_CB_539_1": 0.5, "3_EMV_539_1": 0.3333333333333333, "4_SANS_539_1": 0.0, "5_CONTACT_539_1": 0.0, "6_EUR_539_1": 0.0, "7_11.89\u20ac_539_1": 0.3333333333333333, "8_5_539_1": 1.0, "9_ARTICLE_539_1": 0.0, "10_(S)_539_1": 1.0, "11_TOTAL_539_1": 0.0, "12_A_539_1": 0.0, "13_PAYER_539_1": 0.0, "14_11.89\u20ac_539_1": 0.3333333333333333, "15_*SAUMON_539_1": 0.14285714285714285, "16_OSEILLE/RIZ_539_1": 0.0, "17_4.18\u20ac_539_1": 0.4, "18_0.368kg_539_1": 0.0, "19_x_539_1": 0.0, "20_3.40\u20ac/kg_539_1": 0.375, "21_*F_539_1": 1.0, "22_POMME_539_1": 0.4, "23_PINK_539_1": 0.0, "24_LADY_539_1": 0.5, "25_1.25\u20ac_539_1": 0.4, "26_*300G_539_1": 0.2, "27_LENTILLE_539_1": 0.0, "28_BUTERN_539_1": 0.16666666666666666, "29_3.26\u20ac_539_1": 0.4, "30_*200G_539_1": 0.2, "31_CAROTTE_539_1": 0.14285714285714285, "32_RAPE_539_1": 0.0, "33_BI_539_1": 0.5, "34_1.60_539_1": 0.25, "35_3.20\u20ac_539_1": 0.4, "0_DESCRIPTION_432_0": 0.0, "1_QTE_432_0": 1.0, "2_MONTANT_432_0": 0.14285714285714285, "3_Tel_432_0": 0.0, "4_17000_432_0": 0.0, "5_ROCHELLE_432_0": 0.0, "6_33_432_0": 0.0, "7_RUE_432_0": 0.0, "8_DE_432_0": 0.0, "9_SCIERIE_432_0": 0.0, "10_LA_432_0": 0.5, "11_CRF-CITY_432_0": 0.0, "12_LA_432_0": 0.5, "13_ROCHELLE_432_0": 0.0, "0_C13_X51005288570_0": 0.0, "1_RECEIPT_X51005288570_0": 0.0, "2_TEL_X51005288570_0": 0.0, "3_No:_X51005288570_0": 0.0, "4_51200_X51005288570_0": 0.0, "5_KL._X51005288570_0": 0.3333333333333333, "6_Ipoh_X51005288570_0": 0.0, "7_Batu_X51005288570_0": 0.0, "8_3,_X51005288570_0": 0.5, "9_Jalan_X51005288570_0": 0.0, "10_Village_X51005288570_0": 0.0, "11_Riverwalk_X51005288570_0": 0.0, "12_S/B_X51005288570_0": 0.0, "13_SECURE_X51005288570_0": 0.0, "14_PARKING_X51005288570_0": 0.0, "15_3180301_X51005288570_0": 0.0, "0_MAGASIN_620_1": 0.14285714285714285, "1_CODE_620_1": 0.0, "2_90130_620_1": 0.0, "3_AVANTAGES_620_1": 0.1111111111111111, "4_CARTE_620_1": 0.0, "5_U_620_1": 1.0, "6_11_620_1": 1.5, "7_=_620_1": 1.0, "8_5,5%_620_1": 0.25, "9_1.14_620_1": 0.0, "10_Taux_620_1": 0.25, "11_Reduit_620_1": 0.0, "12_\u20ac_620_1": 0.0, "13_20,16_620_1": 0.2, "14_EUR_620_1": 0.0, "15_CARTE_620_1": 0.0, "16_BANCAIRE_620_1": 0.125, "17_\u20ac_620_1": 0.0, "18_20,16_620_1": 0.2, "19_RESTE_620_1": 0.0, "20_PAYER_620_1": 0.0, "21_A_620_1": 0.0, "22_\u20ac_620_1": 0.0, "23_-1.75_620_1": 0.4, "24_TOTAL_620_1": 0.0, "25_REDUCTIONS_620_1": 0.0, "26_IMMEDIATES_620_1": 0.3, "27_\u20ac_620_1": 0.0, "28_-1,75_620_1": 0.6, "29_1_620_1": 2.0, "30_1,75_620_1": 0.5, "31_SCHOKOBONS_620_1": 0.0, "32_KINDER_620_1": 0.0, "33_\u20ac_620_1": 0.0, "34_x_620_1": 2.0, "35_\u20ac_620_1": 0.0, "36_REDUCTIONS_620_1": 0.0, "37_INNEDIATES_620_1": 0.1, "38_Article(s)_620_1": 0.0, "39_21,91_620_1": 1.0, "40_TOTAL_620_1": 0.0, "41_\u20ac_620_1": 0.0, "42_STEAK_620_1": 0.2, "43_3.75_620_1": 0.25, "44_15%MAT.GR_620_1": 0.2222222222222222, "45_3X1250_620_1": 0.16666666666666666, "46_\u20ac_620_1": 0.0, "47_1,40_620_1": 0.25, "48_HAMB.GEANT_620_1": 0.1, "49_COMPLET_620_1": 0.0, "50_JACQUET_620_1": 0.2857142857142857, "51_X4_620_1": 0.5, "52_\u20ac_620_1": 0.0, "53_SCHOKOBONS_620_1": 0.0, "54_SACHET_620_1": 0.0, "55_6,99_620_1": 0.5, "56_KINDER_620_1": 0.0, "57_500G_620_1": 0.25, "58_\u20ac_620_1": 1.0, "59_2,84_620_1": 0.5, "60_TOMME_620_1": 0.4, "61_NOIRE_620_1": 0.0, "62_PYREN.IGP_620_1": 0.3333333333333333, "63_PAST.28%_620_1": 0.25, "64_\u20ac_620_1": 0.0, "0_BIENTOT_369_2": 0.0, "1_A_369_2": 0.0, "2_MERCI_369_2": 0.0, "3_DE_369_2": 0.0, "4_VOTRE_369_2": 0.0, "5_VISITE_369_2": 0.0, "0_Teppan_receipt_00218_0": 0.3333333333333333, "1_Seafood_receipt_00218_0": 0.42857142857142855, "2_Udon_receipt_00218_0": 0.75, "3_1_receipt_00218_0": 1.0, "4_38,000_receipt_00218_0": 0.3333333333333333, "5_Menu_receipt_00218_0": 0.5, "6_Family_receipt_00218_0": 0.0, "7_Set_receipt_00218_0": 0.0, "8_1_receipt_00218_0": 1.0, "9_318,000_receipt_00218_0": 0.2857142857142857, "10_Dorry_receipt_00218_0": 0.4, "11_Grilled_receipt_00218_0": 0.0, "12_Fish_receipt_00218_0": 0.25, "13_1_receipt_00218_0": 2.0, "14_42,000_receipt_00218_0": 0.16666666666666666, "0_Qty_receipt_00767_1": 1.0, "1_Total_receipt_00767_1": 0.0, "2_5_receipt_00767_1": 0.0, "3_Total_receipt_00767_1": 0.0, "4_Item_receipt_00767_1": 0.25, "5_5_receipt_00767_1": 0.0, "6_Cash_receipt_00767_1": 0.0, "7_CHANGE_receipt_00767_1": 0.16666666666666666, "8_-19,499_receipt_00767_1": 0.0, "9_100,000_receipt_00767_1": 0.0, "10_CASH_receipt_00767_1": 0.5, "11_Total_receipt_00767_1": 0.0, "12_80,501_receipt_00767_1": 0.16666666666666666, "13_PB1_receipt_00767_1": 0.3333333333333333, "14_7,318_receipt_00767_1": 0.0, "15_Subtotal_receipt_00767_1": 0.0, "16_73,183_receipt_00767_1": 0.0, "0_1_receipt_00320_0": 1.0, "1_BAGUETTE_receipt_00320_0": 0.0, "2_18,500_receipt_00320_0": 0.0, "0_DESCR_3_0": 0.0, "1_PTION_3_0": 0.0, "2_QTE_3_0": 0.3333333333333333, "3_NONTANT_3_0": 0.2857142857142857, "4_Tel_3_0": 0.0, "5_17000_3_0": 0.0, "6_LA_3_0": 0.5, "7_ROCHELLE_3_0": 0.0, "8_33_3_0": 0.0, "9_RUE_3_0": 0.0, "10_DE_3_0": 0.0, "11_LA_3_0": 0.5, "12_SCIERIE_3_0": 0.14285714285714285, "13_CRF-CITY_3_0": 0.0, "14_ROCHELLE_3_0": 0.0, "15_LA_3_0": 0.5, "0_CASH_receipt_00414_1": 0.25, "1_12,000_receipt_00414_1": 0.0, "0_26,000_receipt_00197_1": 0.5, "1_Changing_receipt_00197_1": 0.125, "2_100,000_receipt_00197_1": 0.7142857142857143, "3_74,000_receipt_00197_1": 0.16666666666666666, "4_Cash_receipt_00197_1": 0.5, "5_74,000_receipt_00197_1": 0.5, "6_Total_receipt_00197_1": 0.2, "7_6,727_receipt_00197_1": 0.2, "8_10%_receipt_00197_1": 0.6666666666666666, "9_RESTORAN_receipt_00197_1": 0.125, "10_PAJAK_receipt_00197_1": 0.2, "11_67,273_receipt_00197_1": 0.16666666666666666, "12_Total_receipt_00197_1": 0.2, "13_Sub_receipt_00197_1": 0.3333333333333333, "14_909_receipt_00197_1": 0.0, "15_1_receipt_00197_1": 2.0, "16_909_receipt_00197_1": 0.6666666666666666, "17_AWAY_receipt_00197_1": 0.75, "18_TAKE_receipt_00197_1": 0.25, "19_40,909_receipt_00197_1": 0.3333333333333333, "20_20,455_receipt_00197_1": 0.16666666666666666, "21_2_receipt_00197_1": 0.0, "22_B_receipt_00197_1": 0.0, "23_CHEESE_receipt_00197_1": 0.0, "24_25,455_receipt_00197_1": 0.16666666666666666, "25_25,455_receipt_00197_1": 0.3333333333333333, "26_1_receipt_00197_1": 1.0, "27_A_receipt_00197_1": 2.0, "28_CK.MANTAP_receipt_00197_1": 1.0, "0_3.000_receipt_00784_2": 0.0, "1_Cash_receipt_00784_2": 0.0, "2_25.000_receipt_00784_2": 0.0, "3_22.000_receipt_00784_2": 0.0, "0_:_87_0": 1.0, "1_Tel_87_0": 0.0, "2_17000_87_0": 0.0, "3_ROCHELLE_87_0": 0.0, "4_LA_87_0": 0.0, "5_33_87_0": 0.0, "6_RUE_87_0": 0.0, "7_DE_87_0": 0.0, "8_SCIERIE_87_0": 0.14285714285714285, "9_LA_87_0": 0.0, "10_CRF-CITY_87_0": 0.0, "11_ROCHELLE_87_0": 0.0, "12_LA_87_0": 0.5, "0_QTE_150_0": 1.0, "1_MONTANT_150_0": 0.2857142857142857, "2_DESCRIPTION_150_0": 0.0, "3_:_150_0": 1.0, "4_Tel_150_0": 0.0, "5_ROCHELLE_150_0": 0.0, "6_LA_150_0": 0.0, "7_17000_150_0": 0.0, "8_SCIERIE_150_0": 0.0, "9_33_150_0": 0.0, "10_RUE_150_0": 0.0, "11_DE_150_0": 0.0, "12_LA_150_0": 0.0, "13_ROCHELLE_150_0": 0.0, "14_CRF-CITY_150_0": 0.0, "15_LA_150_0": 1.0, "0_Vignette(s)_495_2": 0.0, "1_par_495_2": 0.0, "2_operation_495_2": 0.0, "3_Bravo_495_2": 0.2, "4_avez_495_2": 0.0, "5_cumule_495_2": 0.0, "6_vous_495_2": 0.0, "7_1.0_495_2": 0.0, "0_Change_receipt_00220_1": 0.16666666666666666, "1_Rp.5,000_receipt_00220_1": 0.125, "2_Cash_receipt_00220_1": 0.0, "3_Rp. 50,000_receipt_00220_1": 0.4, "4_Dine_receipt_00220_1": 0.0, "5_In_receipt_00220_1": 1.0, "6_Total_receipt_00220_1": 0.0, "7_45,000_receipt_00220_1": 0.5, "8_(10%)_receipt_00220_1": 1.0, "9_PB1_receipt_00220_1": 1.0, "10_4,091_receipt_00220_1": 0.2, "11_Subtotal_receipt_00220_1": 0.125, "12_40.909_receipt_00220_1": 1.0, "13_1_receipt_00220_1": 1.0, "14_PC_receipt_00220_1": 1.0, "15_BIC_receipt_00220_1": 0.3333333333333333, "16_15,909_receipt_00220_1": 0.5, "17_KING_receipt_00220_1": 0.25, "18_DEAL_receipt_00220_1": 0.75, "19_CHEESE_receipt_00220_1": 0.16666666666666666, "20_25,000_receipt_00220_1": 1.0, "21_BURGER_receipt_00220_1": 0.3333333333333333, "22_R_receipt_00220_1": 3.0, "0_DESCRIPTION_421_0": 0.0, "1_QTE_421_0": 0.0, "2_MONTANT_421_0": 0.0, "3_:_421_0": 1.0, "4_Tel_421_0": 0.0, "5_17000_421_0": 0.0, "6_ROCHELLE_421_0": 0.0, "7_LA_421_0": 1.0, "8_33_421_0": 0.0, "9_RUE_421_0": 0.0, "10_DE_421_0": 0.0, "11_LA_421_0": 0.5, "12_SCIERIE_421_0": 0.0, "13_CRF-CITY_421_0": 0.0, "14_LA_421_0": 0.5, "15_ROCHELLE_421_0": 0.0, "0_11/_682_3": 1.0, "1_Taux_682_3": 0.0, "2_Reduit_682_3": 0.0, "3_5,5%_682_3": 0.5, "4_2,49_682_3": 0.5, "5_=_682_3": 1.0, "6_\u20ac_682_3": 0.0, "7_CARTE_682_3": 0.0, "8_BANCAIRE_682_3": 0.125, "9_EUR_682_3": 0.0, "10_50,73_682_3": 0.2, "11_\u20ac_682_3": 0.0, "12_TOTAL_682_3": 0.0, "13_25_682_3": 0.0, "14_Article(s)_682_3": 0.0, "15_50,73_682_3": 0.2, "16_\u20ac_682_3": 0.0, "17_PAIN_682_3": 0.0, "18_CHOCOLAT_682_3": 0.0, "19_PB_682_3": 0.5, "20_SELECTION_682_3": 0.0, "21_X2_682_3": 0.5, "22_1,20_682_3": 0.5, "23_\u20ac_682_3": 0.0, "24_>>>>_682_3": 0.0, "25_BUP_682_3": 0.0, "26_0,422_682_3": 0.4, "27_1,65_682_3": 0.75, "28_kg_682_3": 0.5, "29_X_682_3": 2.0, "30_\u20ac/kg_682_3": 1.0, "31_POMME_682_3": 0.2, "32_DE_682_3": 0.0, "33_DE_682_3": 0.0, "34_TERRE_682_3": 0.0, "35_ILE_682_3": 0.6666666666666666, "36_RE_682_3": 0.0, "37_0,70_682_3": 0.25, "38_\u20ac_682_3": 0.0, "39_0,108_682_3": 0.2, "40_kg_682_3": 0.5, "41_3,99_682_3": 0.75, "42_\u20ac/kg_682_3": 0.75, "43_x_682_3": 2.0, "44_P/COUPE_682_3": 0.14285714285714285, "45_CHAMPIGN.BLC_682_3": 0.25, "46_A_682_3": 1.0, "47_FARCIR_682_3": 0.16666666666666666, "48_0,43_682_3": 0.5, "49_\u20ac_682_3": 1.0, "50_0,192_682_3": 0.2, "51_kg_682_3": 1.0, "52_4,99_682_3": 0.25, "53_\u20ac/kg_682_3": 0.25, "54_x_682_3": 0.0, "55_POIVRON_682_3": 0.2857142857142857, "56_ROUGE_682_3": 0.0, "57_0,96_682_3": 0.5, "58_\u20ac_682_3": 0.0, "59_>>>>_682_3": 0.5, "60_FRUITS_682_3": 0.0, "61_LEGUMES_682_3": 0.0, "62_ET_682_3": 1.0, "63_1,5L_682_3": 0.5, "64_VOLVIC_682_3": 0.6666666666666666, "65_FRTS_682_3": 0.0, "66_RGES_682_3": 1.0, "67_JUICY_682_3": 0.8, "68_1,24_682_3": 0.75, "69_\u20ac_682_3": 0.0, "0_0.60\u20ac_483_0": 0.4, "1_VERTE_483_0": 0.2, "2_*1L_483_0": 0.6666666666666666, "3_BADOIT_483_0": 0.0, "4_4.75\u20ac_483_0": 0.4, "5_THE_483_0": 0.0, "6_DOLCE_483_0": 0.0, "7_GUSTO_483_0": 0.0, "8_16_483_0": 0.5, "9_1.60\u20ac_483_0": 0.6, "10_RONDELE_483_0": 0.14285714285714285, "11_NOIX_483_0": 0.25, "12_*1256_483_0": 0.0, "13_1.80\u20ac_483_0": 0.4, "14_*1/4_483_0": 0.75, "15_THON_483_0": 0.0, "16_NATREL_483_0": 0.0, "17_PN_483_0": 0.0, "18_2.04\u20ac_483_0": 0.4, "19_FIL.MAQUER.MOU_483_0": 0.21428571428571427, "20_*1/3_483_0": 0.5, "21_QTE_483_0": 1.0, "22_MONTANT_483_0": 0.2857142857142857, "23_DESCRIPTION_483_0": 0.0, "24_Aytre._483_0": 0.16666666666666666, "25_Gargot_483_0": 0.0, "26_17440_483_0": 0.0, "27_Nicolas_483_0": 0.0, "28_Rue_483_0": 0.0, "29_Dimanche_483_0": 0.0, "30_12h30_483_0": 0.0, "31_9h_483_0": 0.5, "32_20h00_483_0": 0.0, "33_de_483_0": 0.0, "34_a_483_0": 0.0, "35_9h_483_0": 0.5, "36_au_483_0": 0.0, "37_Samedi_483_0": 0.0, "38_Lundi_483_0": 0.0, "39_0546457320_483_0": 0.0, "40_Tel_483_0": 0.0, "41_AYTRE_483_0": 0.0, "42_Carrefour_483_0": 0.0, "43_market_483_0": 0.0, "0_Payer_730_0": 0.2, "1_15,92_730_0": 0.0, "2_euros_730_0": 0.0, "3_Total_730_0": 0.0, "4_TTC_730_0": 0.0, "5_17,45_730_0": 0.2, "6_(1_730_0": 1.0, "7_14,35)_730_0": 0.0, "8_15,92_730_0": 0.2, "9_x_730_0": 1.0, "10_NOVALAC_730_0": 0.0, "11_AR_730_0": 0.5, "12_1/750G_730_0": 0.3333333333333333, "13_****_730_0": 1.75, "14_Directe_730_0": 0.0, "15_Vente_730_0": 0.0, "16_:_730_0": 1.0, "17_Tel_730_0": 0.0, "18_0546680281_730_0": 0.0, "19_17138_730_0": 0.0, "20_PUILBOREAU_730_0": 0.0, "21_Centre_730_0": 0.0, "22_Commercial_730_0": 0.0, "23_Beaulieu_730_0": 0.0, "24_de_730_0": 0.0, "25_dominique_730_0": 0.0, "26_POTIN_730_0": 0.0, "27_PHARMACIE_730_0": 0.1111111111111111, "28_DE_730_0": 0.0, "29_BEAULIEU_730_0": 0.125, "0_3,46_687_0": 0.25, "1_\u20ac_687_0": 0.0, "2_PLASTIQUE_687_0": 0.1111111111111111, "3_LITIERE_687_0": 0.0, "4_GM_687_0": 1.0, "5_X8_687_0": 1.0, "6_SACHET_687_0": 0.0, "7_3,99_687_0": 0.25, "8_ECOLOGIQ.U_687_0": 0.2, "9_1OL_687_0": 1.0, "10_LITIERE_687_0": 0.0, "11_VEGETAL_687_0": 0.0, "12_EPICERIE_687_0": 0.0, "13_>>>>_687_0": 1.0, "14_177125_687_0": 0.0, "15_14_687_0": 1.0, "16_03/03/17_687_0": 0.0, "17_16:36_687_0": 0.0, "18_JB_687_0": 1.0, "19_181_687_0": 0.0, "20_Ticket_687_0": 0.0, "21_TPU_687_0": 0.3333333333333333, "22_Heure_687_0": 0.0, "23_Date_687_0": 0.0, "24_Operateur_687_0": 0.0, "25_:_687_0": 2.0, "26_46_687_0": 1.0, "27_93_687_0": 1.0, "28_32_687_0": 0.5, "29_70_687_0": 1.0, "30_Tel_687_0": 0.0, "31_05_687_0": 0.5, "32_Saintes_687_0": 0.0, "33_17102_687_0": 0.0, "34_Leclerc_687_0": 0.0, "35_BP_687_0": 0.5, "36_56_687_0": 0.0, "37_Marechal_687_0": 0.125, "38_/_687_0": 1.0, "39_Cours_687_0": 0.0, "40_Saintes_687_0": 0.0, "41_Coop_687_0": 0.25, "42_Atlantique_687_0": 0.1, "0_22,000_receipt_00090_1": 0.0, "1_CHANGE_receipt_00090_1": 0.16666666666666666, "2_DUE_receipt_00090_1": 0.0, "3_50,000_receipt_00090_1": 0.0, "4_CASHIDR_receipt_00090_1": 0.0, "5_GRAND TOTAL_receipt_00090_1": 0.09090909090909091, "6_28,000_receipt_00090_1": 0.16666666666666666, "7_SUB TOTAL_receipt_00090_1": 0.3333333333333333, "8_28,000_receipt_00090_1": 0.16666666666666666, "0_CHANGE_receipt_00362_1": 0.16666666666666666, "1_0_receipt_00362_1": 1.0, "2_599,955_receipt_00362_1": 0.2857142857142857, "3_Card_receipt_00362_1": 0.25, "4_TOTAL_receipt_00362_1": 0.0, "5_599,955_receipt_00362_1": 0.14285714285714285, "6_Discount_receipt_00362_1": 0.125, "7_0_receipt_00362_1": 2.0, "8_54,255_receipt_00362_1": 0.16666666666666666, "9_Tax_receipt_00362_1": 0.0, "10_Service_receipt_00362_1": 0.0, "11_35,700_receipt_00362_1": 0.16666666666666666, "12_Sub_receipt_00362_1": 1.3333333333333333, "13_Total_receipt_00362_1": 0.0, "14_510,000_receipt_00362_1": 0.0, "0_DESCRIPTION_446_0": 0.0, "1_QTE_446_0": 0.3333333333333333, "2_MONTANT_446_0": 0.2857142857142857, "3_:_446_0": 1.0, "4_Tel_446_0": 0.0, "5_17000_446_0": 0.0, "6_LA_446_0": 0.5, "7_ROCHELLE_446_0": 0.0, "8_33_446_0": 0.0, "9_RUE_446_0": 0.0, "10_DE_446_0": 0.0, "11_SCIERIE_446_0": 0.0, "12_LA_446_0": 0.0, "13_CRF-CITY_446_0": 0.0, "14_ROCHELLE_446_0": 0.0, "15_LA_446_0": 0.5, "0_A_382_2": 0.0, "1_BIENTOT_382_2": 0.0, "2_MERCI_382_2": 0.0, "3_DE_382_2": 0.0, "4_VOTRE_382_2": 0.0, "5_VISITE_382_2": 0.0, "6_13:25:44_382_2": 0.125, "7_000_382_2": 1.0, "8_05/05/2017_382_2": 0.1, "9_003_382_2": 0.0, "10_fidt_382_2": 0.0, "11_prot_382_2": 0.5, "12_0.20\u20ac_382_2": 0.4, "13_Reinise_382_2": 0.2857142857142857, "14_its_382_2": 0.0, "15_Details:_382_2": 0.0, "0_CHANGE_receipt_00087_1": 0.3333333333333333, "1_26,000_receipt_00087_1": 0.0, "2_50,000_receipt_00087_1": 0.0, "3_CASH_receipt_00087_1": 0.0, "4_24,000_receipt_00087_1": 0.5, "5_TOTAL_receipt_00087_1": 0.8, "6_24,000_receipt_00087_1": 0.0, "7_DEPT02_receipt_00087_1": 0.5, "0_CHANGED_receipt_00009_1": 0.0, "1_60.000_receipt_00009_1": 0.0, "2_CASH_receipt_00009_1": 0.0, "3_100.000_receipt_00009_1": 0.0, "4_SUB-TOTAL_receipt_00009_1": 0.0, "5_40.000_receipt_00009_1": 0.16666666666666666, "0_ _receipt_00551_0": 4.0, "0_0010_384_1": 1.0, "1_30/03/2017_384_1": 0.0, "2_002_384_1": 0.3333333333333333, "3_000317_384_1": 0.0, "4_18:00:58_384_1": 0.25, "5_:_384_1": 3.0, "6_Carte_384_1": 0.0, "7_CB_384_1": 0.0, "8_EMV_384_1": 0.0, "9_SANS_384_1": 0.0, "10_CONTACT_384_1": 0.0, "11_EUR_384_1": 0.0, "12_1.68\u20ac_384_1": 0.4, "13_1_384_1": 1.0, "14_ARTICLE_384_1": 0.0, "15_(S)_384_1": 1.0, "16_TOTAL_384_1": 0.0, "17_A_384_1": 0.0, "18_PAYER_384_1": 0.0, "19_1.68\u20ac_384_1": 0.4, "20_*100G_384_1": 0.4, "21_AM/HYRT.LINDT_384_1": 0.07692307692307693, "22_1.68\u20ac_384_1": 0.4, "0_0_receipt_00754_2": 1.0, "1_Change_receipt_00754_2": 0.16666666666666666, "2_Due_receipt_00754_2": 0.3333333333333333, "3_301,003_receipt_00754_2": 0.14285714285714285, "4_Total_receipt_00754_2": 0.0, "5_27,364_receipt_00754_2": 1.0, "6_PB1_receipt_00754_2": 0.3333333333333333, "7_30,910_receipt_00754_2": 1.0, "8_Beverage_receipt_00754_2": 1.0, "9_Food_receipt_00754_2": 0.25, "10_242,729_receipt_00754_2": 0.5714285714285714, "0_1_receipt_00511_1": 1.0, "1_TWIST_receipt_00511_1": 0.2, "2_ORANGE_receipt_00511_1": 0.16666666666666666, "3_CHOCO_receipt_00511_1": 1.0, "4_DONUT_receipt_00511_1": 0.8, "5_10,000_receipt_00511_1": 0.0, "6_STRAWBERRY_receipt_00511_1": 0.1, "7_2_receipt_00511_1": 0.0, "8_TWIST_receipt_00511_1": 0.2, "9_DONUT_receipt_00511_1": 1.2, "10_20,000_receipt_00511_1": 0.0, "0_A_22_1": 0.0, "1_BIENTOT_22_1": 0.0, "2_MERCI_22_1": 0.0, "3_DE_22_1": 0.0, "4_VOTRE_22_1": 0.0, "5_VISITE_22_1": 0.0, "6_0003_22_1": 0.0, "7_004_22_1": 0.0, "8_000062_22_1": 0.0, "9_01/03/2017_22_1": 0.0, "10_12:00:02_22_1": 0.0, "11_CB_22_1": 0.0, "12_EMV_22_1": 0.0, "13_SANS_22_1": 0.0, "14_CONTACT_22_1": 0.0, "15_EUR_22_1": 0.0, "16_16.19\u20ac_22_1": 0.3333333333333333, "17_(S)_22_1": 0.6666666666666666, "18_ARTICLE_22_1": 0.0, "19_TOTAL_22_1": 0.0, "20_A_22_1": 0.0, "21_PAYER_22_1": 0.0, "22_16.19\u20ac_22_1": 0.3333333333333333, "23_*FOUGASSETTE_22_1": 0.16666666666666666, "24_BANANELE_22_1": 0.0, "25_2.70\u20ac_22_1": 0.4, "26_*EVIAN_22_1": 0.5, "27_NEW_22_1": 0.3333333333333333, "28_1.5L_22_1": 0.5, "29_0.59\u20ac_22_1": 0.4, "30_*2506_22_1": 0.4, "31_SALADE_22_1": 0.0, "32_PARISI_22_1": 0.0, "0_RB0006_receipt_00240_0": 0.6666666666666666, "1_RB,_receipt_00240_0": 0.6666666666666666, "2_Abon_receipt_00240_0": 0.0, "3_Sam_receipt_00240_0": 0.6666666666666666, "0_MERCI_105_2": 0.0, "1_DE_105_2": 0.0, "2_VOTRE_105_2": 0.0, "3_VISITE_105_2": 0.0, "4_0001_105_2": 0.0, "5_002_105_2": 0.0, "6_000475_105_2": 0.16666666666666666, "7_19/05/2016_105_2": 0.0, "8_19:12:02_105_2": 0.0, "9_SQR_105_2": 0.3333333333333333, "10_BRK_105_2": 0.0, "11_1L_105_2": 1.0, "12_PJ_105_2": 0.5, "13_POMM_105_2": 0.0, "14_0.09\u20ac_105_2": 0.4, "15_Details:_105_2": 0.0, "0_NET TOTAL:_receipt_00199_1": 0.2, "1_314100.00_receipt_00199_1": 0.0, "2_314100.00_receipt_00199_1": 0.0, "3_GROSS_receipt_00199_1": 0.0, "4_TOTAL:_receipt_00199_1": 0.8333333333333334, "5_12\"_receipt_00199_1": 0.6666666666666666, "6_GAMORA_receipt_00199_1": 0.0, "7_TITAN_receipt_00199_1": 0.0, "8_HERO_receipt_00199_1": 0.0, "9_0217_receipt_00199_1": 0.0, "10_GGM_receipt_00199_1": 0.0, "11_74700.00_receipt_00199_1": 0.125, "12_74700.00_receipt_00199_1": 0.0, "13_AVSC2769_receipt_00199_1": 0.0, "14_1_receipt_00199_1": 0.0, "15_YONDU_receipt_00199_1": 0.0, "16_TTN_receipt_00199_1": 0.3333333333333333, "17_HERO_receipt_00199_1": 0.0, "18_1216_receipt_00199_1": 0.0, "19_GGM_receipt_00199_1": 0.3333333333333333, "20_12\"_receipt_00199_1": 0.0, "21_74700.00_receipt_00199_1": 0.0, "22_74700.00_receipt_00199_1": 1.0, "23_AVSC0312_receipt_00199_1": 0.0, "24_1_receipt_00199_1": 1.0, "25_ENCHANTED_receipt_00199_1": 0.0, "26_ROS_receipt_00199_1": 0.0, "27_1216_receipt_00199_1": 0.0, "28_BATB_receipt_00199_1": 0.0, "29_SD_receipt_00199_1": 1.0, "30_DPR_receipt_00199_1": 0.0, "31_164700.00_receipt_00199_1": 0.0, "32_164700.00_receipt_00199_1": 0.0, "33_DPHB9169_receipt_00199_1": 0.0, "34_1_receipt_00199_1": 0.0, "0_70.000_receipt_00148_1": 0.8333333333333334, "1_Kembali_receipt_00148_1": 1.0, "2_100.000_receipt_00148_1": 0.5714285714285714, "3_Tunai_receipt_00148_1": 0.4, "4_Belanja_receipt_00148_1": 0.0, "5_Total_receipt_00148_1": 0.2, "6_30.000_receipt_00148_1": 0.0, "7_30.000_receipt_00148_1": 1.0, "8_1_receipt_00148_1": 2.0, "9_30.000_receipt_00148_1": 0.16666666666666666, "10_MANI_receipt_00148_1": 0.25, "11_NASI_receipt_00148_1": 0.5, "12_KUNING_receipt_00148_1": 0.16666666666666666, "13_CAKALANG_receipt_00148_1": 0.0, "14_OMA_receipt_00148_1": 0.3333333333333333, "0_8939XXXXX26753_614_1": 0.35714285714285715, "1_No_614_1": 0.5, "2_CARTE_614_1": 0.0, "3_MAGASIN_614_1": 0.2857142857142857, "4_90130_614_1": 0.0, "5_CODE_614_1": 0.0, "6_AVANTAGES_614_1": 0.1111111111111111, "7_CARTE_614_1": 0.0, "8_U_614_1": 1.0, "9_1,05_614_1": 0.5, "10_Intern._614_1": 0.0, "11_Taux_614_1": 0.0, "12_10%_614_1": 0.0, "13_\u20ac_614_1": 0.0, "14_12_614_1": 0.0, "15_=_614_1": 0.0, "16_0,24_614_1": 0.5, "17_Reduit_614_1": 0.0, "18_5,5%_614_1": 0.25, "19_\u20ac_614_1": 0.0, "20_11_614_1": 0.5, "21_Taux_614_1": 0.0, "22_=_614_1": 0.0, "23_4,00_614_1": 0.25, "24_ESPECES_614_1": 0.0, "25_Rendu_614_1": 0.0, "26_\u20ac_614_1": 0.0, "27_20,18_614_1": 0.2, "28_ESPECES_614_1": 0.0, "29_\u20ac_614_1": 1.0, "30_Article(s)_614_1": 0.0, "31_16,18_614_1": 0.2, "32_\u20ac_614_1": 0.0, "33_TOTAL_614_1": 0.0, "34_2,69_614_1": 0.25, "35_FRO.PAST.PT_614_1": 0.0, "36_BRIE_614_1": 0.0, "37_32%_614_1": 0.6666666666666666, "38_500G_614_1": 0.25, "39_\u20ac_614_1": 0.0, "40_B.VU_614_1": 0.75, "41_L.S_614_1": 1.0, "42_CREMERIE_614_1": 0.0, "43_>>>>_614_1": 1.0, "44_\u20ac_614_1": 1.0, "45_0.29_614_1": 0.25, "46_BAGUETTE_614_1": 0.0, "47_DEMI_614_1": 0.5, "48_X1_614_1": 1.0, "49_SELECT_614_1": 0.0, "50_1,60_614_1": 0.25, "51_CEREALES_614_1": 0.0, "52_\u20ac_614_1": 0.0, "53_PAIN_614_1": 0.0, "54_BATARD_614_1": 0.0, "55_BUP_614_1": 0.0, "56_>>>>>_614_1": 0.2, "0_Amount:_receipt_00193_2": 0.0, "1_1,376,500_receipt_00193_2": 0.1111111111111111, "2_Qty:_receipt_00193_2": 0.0, "3_8_receipt_00193_2": 0.0, "4_1,100,000_receipt_00193_2": 0.1111111111111111, "5_BOX)_receipt_00193_2": 0.0, "6_901800109_receipt_00193_2": 0.1111111111111111, "7_JOIE_receipt_00193_2": 0.0, "0_20,00%_642_1": 0.0, "1_1,34_642_1": 0.25, "2_6,68_642_1": 0.25, "3_8,02_642_1": 0.0, "4_B_642_1": 0.0, "5_TVA_642_1": 0.0, "6_MT._642_1": 0.0, "7_TVA_642_1": 0.0, "8_CODE_642_1": 0.0, "9_MT._642_1": 0.0, "10_HT_642_1": 0.0, "11_MT._642_1": 0.0, "12_TTC_642_1": 0.0, "13_TVA_642_1": 0.0, "14_-2,00_642_1": 0.0, "15_ESPECES_642_1": 0.0, "16_EUR_642_1": 0.0, "17_2,00_642_1": 0.0, "18_RENDRE_642_1": 0.0, "19_EUR_642_1": 0.0, "20_Nombre_642_1": 0.0, "21_d'articles_642_1": 0.0, "22_vendus=_642_1": 0.0, "23_1_642_1": 0.0, "24_10,02_642_1": 0.0, "25_EUR_642_1": 0.0, "26_ESPECES_642_1": 0.0, "0_:_28_0": 3.0, "1_Tel_28_0": 0.0, "2_ROCHELLE_28_0": 0.0, "3_17000_28_0": 0.0, "4_LA_28_0": 0.0, "5_SCIERIE_28_0": 0.0, "6_LA_28_0": 0.0, "7_33_28_0": 0.0, "8_RUE_28_0": 0.0, "9_DE_28_0": 0.0, "10_ROCHELLE_28_0": 0.0, "11_CRF-CITY_28_0": 0.0, "12_LA_28_0": 0.0, "0_Pay Cash_receipt_00755_1": 0.0, "1_Change :_receipt_00755_1": 0.125, "2_8,000_receipt_00755_1": 0.0, "3_50.000_receipt_00755_1": 0.0, "4_Total._receipt_00755_1": 0.0, "5_42,000_receipt_00755_1": 0.0, "6_ITEMS:_receipt_00755_1": 0.3333333333333333, "7_1_receipt_00755_1": 2.0, "8_42,000_receipt_00755_1": 0.0, "9_1_receipt_00755_1": 2.0, "10_- Pedas_receipt_00755_1": 0.0, "11_0_receipt_00755_1": 0.0, "12_1_receipt_00755_1": 2.0, "13_Seaweed_receipt_00755_1": 0.0, "14_Chicken_receipt_00755_1": 0.0, "15_42,000_receipt_00755_1": 0.0, "0_19/10/2018_X00016469619_0": 0.0, "1_20:49:59_X00016469619_0": 0.0, "2_#01_X00016469619_0": 0.0, "3_RECEIPT_X00016469619_0": 0.0, "4_BAHRU,_X00016469619_0": 0.0, "5_81100_X00016469619_0": 0.0, "6_JOHOR_X00016469619_0": 0.0, "7_JOHOR._X00016469619_0": 0.0, "8_JAYA,_X00016469619_0": 0.2, "9_TAMAN_X00016469619_0": 0.2, "10_JOHOR_X00016469619_0": 0.0, "11_27,JALAN_X00016469619_0": 0.125, "12_13,_X00016469619_0": 0.0, "13_DEDAF_X00016469619_0": 0.0, "14_INDAH_X00016469619_0": 0.0, "15_DECO_X00016469619_0": 0.25, "16_GIFT_X00016469619_0": 0.25, "17_&_X00016469619_0": 0.0, "18_HOME_X00016469619_0": 0.25, "19_yann_X00016469619_0": 0.0, "20_woon_X00016469619_0": 0.0, "21_tan_X00016469619_0": 0.0, "0_Qty:_receipt_00194_1": 0.0, "1_3_receipt_00194_1": 0.0, "2_Amount:_receipt_00194_1": 0.14285714285714285, "3_705,000_receipt_00194_1": 0.0, "4_270,000_receipt_00194_1": 0.0, "5_CLEANSER_receipt_00194_1": 0.0, "6_BU350009_receipt_00194_1": 0.0, "7_BUDS_receipt_00194_1": 0.0, "8_PRECIOUS_receipt_00194_1": 0.0, "9_NEWBORN_receipt_00194_1": 0.0, "10_HEAD_receipt_00194_1": 0.0, "11_TO_receipt_00194_1": 0.5, "12_TOE_receipt_00194_1": 0.0, "0_2,000_receipt_00664_1": 0.0, "1_CASH_receipt_00664_1": 0.0, "2_20,000_receipt_00664_1": 0.0, "3_18,000_receipt_00664_1": 0.0, "4_SUBTOTAL_receipt_00664_1": 0.0, "5_18,000_receipt_00664_1": 0.0, "6_PLASTIK_receipt_00664_1": 0.0, "7_KECIL_receipt_00664_1": 0.0, "8_0_receipt_00664_1": 0.0, "9_AMOUNT_receipt_00664_1": 0.0, "10_-2,300_receipt_00664_1": 0.16666666666666666, "11_DISC_receipt_00664_1": 0.0, "12_ITEM_receipt_00664_1": 1.0, "13_-20.000%_receipt_00664_1": 0.125, "14_PISANG_receipt_00664_1": 0.0, "15_KEJU_receipt_00664_1": 0.0, "16_11,500_receipt_00664_1": 0.0, "0_:_52_0": 1.0, "1_Tel_52_0": 0.0, "2_17000_52_0": 0.0, "3_LA_52_0": 0.5, "4_ROCHELLE_52_0": 0.0, "5_33_52_0": 0.0, "6_RUE_52_0": 0.0, "7_DE_52_0": 0.0, "8_LA_52_0": 0.0, "9_SCIERIE_52_0": 0.0, "10_CRF-CITY_52_0": 0.0, "11_LA_52_0": 0.0, "12_ROCHELLE_52_0": 0.0, "0_14:35_631_1": 0.0, "1_Total_631_1": 0.0, "2_du_631_1": 0.0, "3_29.80_631_1": 0.0, "4_2.35_631_1": 0.75, "5_T.V.A.10%_631_1": 0.0, "6_25.80_631_1": 0.0, "7_0.67_631_1": 0.0, "8_T.V.A.20%_631_1": 0.1111111111111111, "9_4.00_631_1": 0.0, "10_2_631_1": 0.0, "11_Verre_631_1": 0.0, "12_Rhone_631_1": 0.0, "13_80.00_631_1": 0.0, "14_2_631_1": 0.0, "15_Menu_631_1": 0.0, "16_Duo_631_1": 0.3333333333333333, "17_E+P_631_1": 0.3333333333333333, "18_25.80_631_1": 0.0, "19_28Jun'17_631_1": 0.0, "20_13:09_631_1": 0.2, "21_27/1_631_1": 0.25, "22_Tbl_631_1": 0.6666666666666666, "23_Fct_631_1": 0.3333333333333333, "24_1406_631_1": 0.5, "25_Cts_631_1": 0.0, "26_2_631_1": 0.0, "27_10_631_1": 0.0, "28_CHRISTOP_631_1": 0.125, "29_SIRET_631_1": 0.0, "30_753_631_1": 0.0, "31_859_631_1": 0.6666666666666666, "32_370_631_1": 0.6666666666666666, "33_:_631_1": 2.0, "34_Tel_631_1": 0.0, "35_0546442010_631_1": 0.0, "0_UANG_receipt_00529_1": 0.0, "1_KEMBALI_receipt_00529_1": 0.2857142857142857, "2_0_receipt_00529_1": 0.0, "3_DEBIT_receipt_00529_1": 0.2, "4_80,000_receipt_00529_1": 0.16666666666666666, "5_POTONGAN_receipt_00529_1": 0.125, "6_0_receipt_00529_1": 2.0, "7_TOTAL_receipt_00529_1": 0.0, "8_BELANJA_receipt_00529_1": 0.14285714285714285, "9_80,000_receipt_00529_1": 0.0, "0_POTATO_receipt_00445_0": 0.0, "1_20,000_receipt_00445_0": 0.0, "2_1_receipt_00445_0": 0.0, "3_SAUSAGE_receipt_00445_0": 0.14285714285714285, "4_BREAD_receipt_00445_0": 0.0, "5_1_receipt_00445_0": 0.0, "6_ALMOND_receipt_00445_0": 0.0, "7_SUGAR_receipt_00445_0": 0.0, "8_MILK_receipt_00445_0": 0.0, "9_22,500_receipt_00445_0": 0.0, "10_BREAD_receipt_00445_0": 0.0, "0_:_552_0": 1.0, "1_Tel_552_0": 0.0, "2_ORLEANS_552_0": 0.0, "3_45000_552_0": 0.0, "4_1,_552_0": 0.0, "5_GRENIER_552_0": 0.0, "6_A_552_0": 0.0, "7_SEL_552_0": 0.0, "8_RUE_552_0": 0.0, "9_DU_552_0": 1.0, "10_ORLEANS_552_0": 0.0, "11_CARREFOUR_552_0": 0.0, "12_CITY_552_0": 0.0, "0_DESCRIPTION_238_0": 0.0, "1_QTE_238_0": 1.0, "2_MONTANT_238_0": 0.2857142857142857, "3_Gargot_238_0": 0.16666666666666666, "4_Aytre._238_0": 0.16666666666666666, "5_Rue_238_0": 0.0, "6_Nicolas_238_0": 0.0, "7_17440_238_0": 0.0, "8_Dimanche_238_0": 0.0, "9_9h_238_0": 0.5, "10_a_238_0": 0.0, "11_12h30_238_0": 0.0, "12_au_238_0": 0.0, "13_Samedi_238_0": 0.0, "14_de_238_0": 0.0, "15_9h_238_0": 0.5, "16_a_238_0": 0.0, "17_20h00_238_0": 0.0, "18_Tel_238_0": 0.0, "19_0546457320_238_0": 0.0, "20_Carrefour_238_0": 0.0, "21_market_238_0": 0.0, "22_AYTRE_238_0": 0.0, "0_E-Money_receipt_00379_1": 0.14285714285714285, "1_80,000_receipt_00379_1": 0.0, "2_80,000_receipt_00379_1": 0.16666666666666666, "3_TOTAL:_receipt_00379_1": 0.0, "4_No_receipt_00379_1": 0.0, "5_of_receipt_00379_1": 0.0, "6_Line(s):_receipt_00379_1": 0.125, "7_4_receipt_00379_1": 0.0, "8_Qty(s):_receipt_00379_1": 0.14285714285714285, "9_4_receipt_00379_1": 0.0, "10_20,000_receipt_00379_1": 0.16666666666666666, "11_20,000_receipt_00379_1": 0.0, "12_25001_receipt_00379_1": 0.0, "13_1x_receipt_00379_1": 0.5, "14_Original_receipt_00379_1": 0.25, "15_Hugarian_receipt_00379_1": 0.0, "16_Ku_receipt_00379_1": 1.0, "17_20,000_receipt_00379_1": 0.0, "18_20,000_receipt_00379_1": 0.8333333333333334, "19_25001_receipt_00379_1": 0.8, "20_1x_receipt_00379_1": 0.5, "21_Original_receipt_00379_1": 0.25, "22_Hugarian_receipt_00379_1": 0.375, "23_Ku_receipt_00379_1": 1.0, "24_20,000_receipt_00379_1": 0.0, "25_20,000_receipt_00379_1": 0.0, "26_25001_receipt_00379_1": 0.2, "27_1x_receipt_00379_1": 0.5, "0_:_393_1": 1.0, "1_Carte_393_1": 0.0, "2_13.88\u20ac_393_1": 0.3333333333333333, "3_BANCAIRE_393_1": 0.0, "4_EMV_393_1": 0.0, "5_EUR_393_1": 0.0, "6_CARTE_393_1": 0.0, "7_6_393_1": 0.0, "8_13.88\u20ac_393_1": 0.3333333333333333, "9_(S)_393_1": 1.0, "10_PAYER_393_1": 0.0, "11_ARTICLE_393_1": 0.0, "12_TOTAL_393_1": 0.2, "13_A_393_1": 0.0, "14_2.13\u20ac_393_1": 0.4, "15_*TEPENADE_393_1": 0.1111111111111111, "16_VERTE_393_1": 0.0, "17_3.30\u20ac_393_1": 0.4, "18_AU_393_1": 0.5, "19_THON_393_1": 0.0, "20_*TARTINABLE_393_1": 0.09090909090909091, "21_4.00\u20ac_393_1": 0.4, "22_*GUACAHOLE_393_1": 0.1, "23_175G_393_1": 0.5, "24_1.41\u20ac_393_1": 0.4, "25_SESAME_393_1": 0.16666666666666666, "26_HO_393_1": 0.0, "27_*GRESSINS_393_1": 0.1111111111111111, "28_3.30\u20ac_393_1": 0.4, "29_1.52_393_1": 0.25, "30_2x_393_1": 1.0, "31_*FLUTES_393_1": 0.14285714285714285, "32_FEUIL.TOMAT_393_1": 0.18181818181818182, "0_Grand_receipt_00071_1": 0.0, "1_Total_receipt_00071_1": 0.0, "2_17,999_receipt_00071_1": 1.0, "3_Pajak_receipt_00071_1": 0.4, "4_Resto_receipt_00071_1": 0.2, "5_1,636_receipt_00071_1": 0.4, "6_Sub_receipt_00071_1": 1.0, "7_Total_receipt_00071_1": 0.0, "8_16,363_receipt_00071_1": 0.5, "9_Item_receipt_00071_1": 1.0, "10_Jumlah_receipt_00071_1": 0.3333333333333333, "11_1_receipt_00071_1": 1.0, "12_1_receipt_00071_1": 1.0, "13_16,363_receipt_00071_1": 1.0, "14_16,363_receipt_00071_1": 0.6666666666666666, "15_(L)_receipt_00071_1": 0.6666666666666666, "16_GREEN_receipt_00071_1": 0.2, "17_TEA_receipt_00071_1": 0.6666666666666666, "18_LATTE_receipt_00071_1": 0.8, "0_51,000_receipt_00590_0": 0.3333333333333333, "1_3_receipt_00590_0": 2.0, "2_PEACH_receipt_00590_0": 0.2, "3_PASTRY_receipt_00590_0": 0.16666666666666666, "4_BREAD_receipt_00590_0": 0.2, "5_4,000_receipt_00590_0": 0.0, "6_1_receipt_00590_0": 2.0, "7_BOX_receipt_00590_0": 0.3333333333333333, "8_M_receipt_00590_0": 2.0, "0_25.000_receipt_00774_0": 0.0, "1_TEH_receipt_00774_0": 0.0, "2_SEREH_receipt_00774_0": 0.2, "3_1_receipt_00774_0": 0.0, "4_15.000_receipt_00774_0": 0.0, "5_TERONG_receipt_00774_0": 0.16666666666666666, "6_BEJEUG_receipt_00774_0": 0.16666666666666666, "7_1_receipt_00774_0": 0.0, "8_20.000_receipt_00774_0": 0.16666666666666666, "9_LAUK_receipt_00774_0": 0.0, "10_TOGE_receipt_00774_0": 0.25, "11_ASIN_receipt_00774_0": 0.75, "12_1_receipt_00774_0": 0.0, "13_45.000_receipt_00774_0": 0.0, "14_ONCOM_receipt_00774_0": 0.2, "15_SANGU_receipt_00774_0": 0.2, "16_TUTUG_receipt_00774_0": 0.4, "17_1_receipt_00774_0": 0.0, "18_45.000_receipt_00774_0": 0.0, "19_KOMPLIT_receipt_00774_0": 0.42857142857142855, "20_TIMBEL_receipt_00774_0": 0.16666666666666666, "21_SANGU_receipt_00774_0": 0.0, "22_1_receipt_00774_0": 0.0, "0_0_receipt_00713_1": 0.0, "1_CHANGED_receipt_00713_1": 0.0, "2_22.000_receipt_00713_1": 0.0, "3_CASH_receipt_00713_1": 0.25, "4_22.000_receipt_00713_1": 0.0, "5_SUB-TOTAL_receipt_00713_1": 0.1111111111111111, "6_1_receipt_00713_1": 1.0, "7_@22.000_receipt_00713_1": 0.14285714285714285, "8_22.000_receipt_00713_1": 0.0, "9_THAI_receipt_00713_1": 0.25, "10_ICED_receipt_00713_1": 0.0, "11_COFFEE_receipt_00713_1": 0.0, "0_17000_631_0": 0.0, "1_LA_631_0": 0.5, "2_ROCH_631_0": 0.0, "3_ELLE_631_0": 0.0, "4_la_631_0": 0.0, "5_Rue_631_0": 0.0, "6_de_631_0": 0.0, "7_Scierie_631_0": 0.14285714285714285, "8_TABLAPIZZA_631_0": 0.0, "9_LA_631_0": 0.0, "10_FOCHELLE_631_0": 0.125, "11_C'EST_631_0": 0.0, "12_D'ETRE_631_0": 0.0, "13_BON_631_0": 0.0, "14_LA_631_0": 1.0, "0_Tel_333_0": 0.0, "1_17000_333_0": 0.0, "2_LA_333_0": 0.0, "3_ROCHELLE_333_0": 0.0, "4_SCIERIE_333_0": 0.14285714285714285, "5_33_333_0": 0.0, "6_RUE_333_0": 0.0, "7_DE_333_0": 0.0, "8_LA_333_0": 0.0, "9_CRF-CITY_333_0": 0.0, "10_LA_333_0": 0.0, "11_ROCHELLE_333_0": 0.0, "0_CASH_receipt_00792_1": 0.0, "1_20,000_receipt_00792_1": 0.0, "2_TOTAL_receipt_00792_1": 0.0, "3_1_receipt_00792_1": 1.0, "4_KOPI_receipt_00792_1": 0.5, "5_CAM_receipt_00792_1": 0.0, "6_20,000_receipt_00792_1": 0.16666666666666666, "0_25,900_receipt_00098_1": 0.16666666666666666, "1_TOTAL_receipt_00098_1": 0.0, "2_25,900_receipt_00098_1": 0.0, "3_JUAL_receipt_00098_1": 0.0, "4_HARGA_receipt_00098_1": 0.4, "5_15,000_receipt_00098_1": 0.0, "6_15000_receipt_00098_1": 0.2, "7_MAGNUM_receipt_00098_1": 0.16666666666666666, "8_80_receipt_00098_1": 0.0, "9_1_receipt_00098_1": 0.0, "10_WHT_receipt_00098_1": 0.0, "11_ALMND_receipt_00098_1": 0.0, "12_5,500_receipt_00098_1": 0.0, "13_5500_receipt_00098_1": 0.0, "14_1_receipt_00098_1": 0.0, "15_CMPN_receipt_00098_1": 0.25, "16_5,400_receipt_00098_1": 0.0, "17_5400_receipt_00098_1": 0.0, "18_CKLT.65_receipt_00098_1": 0.14285714285714285, "19_1_receipt_00098_1": 1.0, "20_FEAST_receipt_00098_1": 0.0, "21_WALL'S_receipt_00098_1": 1.0, "0_ _receipt_00769_0": 2.0, "0_Tel_1_0": 0.0, "1_17000_1_0": 0.0, "2_LA_1_0": 0.5, "3_ROCHELLE_1_0": 0.0, "4_33_1_0": 0.0, "5_RUE_1_0": 0.0, "6_DE_1_0": 0.0, "7_LA_1_0": 0.5, "8_SCIERIE_1_0": 0.14285714285714285, "9_CRF-CITY_1_0": 0.0, "10_ROCHELLE_1_0": 0.0, "11_LA_1_0": 0.0, "0_6_receipt_00558_2": 1.0, "1_6_receipt_00558_2": 1.0, "0_Total_receipt_00663_1": 0.0, "1_17,999_receipt_00663_1": 0.5, "2_Grand_receipt_00663_1": 0.0, "3_Pajak_receipt_00663_1": 0.2, "4_Resto_receipt_00663_1": 0.4, "5_1,636_receipt_00663_1": 0.4, "6_16,363_receipt_00663_1": 0.0, "7_Sub_receipt_00663_1": 0.3333333333333333, "8_Total_receipt_00663_1": 0.4, "9_Jumlah_receipt_00663_1": 0.3333333333333333, "10_Item_receipt_00663_1": 0.5, "11_1_receipt_00663_1": 1.0, "12_16,363_receipt_00663_1": 0.16666666666666666, "13_16,363_receipt_00663_1": 0.5, "14_1_receipt_00663_1": 1.0, "15_(L)_receipt_00663_1": 1.0, "16_ICED_receipt_00663_1": 1.25, "17_TEA_receipt_00663_1": 0.0, "18_THAI_receipt_00663_1": 0.5, "0_106_637_0": 0.0, "1_Ticket_637_0": 0.0, "2_Num_637_0": 0.0, "3_Vendeur:_637_0": 0.125, "4_14_637_0": 0.0, "5_18/06/2017_637_0": 0.2, "6_12:_637_0": 1.0, "7_Date_637_0": 0.0, "8_25_637_0": 0.5, "9_Client:_637_0": 0.0, "10_Balance:_637_0": 0.0, "11_1_637_0": 0.0, "12_56._637_0": 0.0, "13_30_637_0": 0.0, "14_76._637_0": 0.0, "0_-sncf._746_1": 0.3333333333333333, "1_com_746_1": 0.0, "2_FR_746_1": 0.0, "3_83_746_1": 0.5, "4_789_746_1": 0.0, "5_485_746_1": 0.3333333333333333, "6_869_746_1": 1.0, "7_Paris_746_1": 0.0, "8_RCS_746_1": 0.6666666666666666, "9_789_746_1": 0.0, "10_485_746_1": 0.3333333333333333, "11_869_746_1": 1.0, "12_17,_746_1": 1.0, "13_Rue_746_1": 0.0, "14_Andre_746_1": 0.0, "15_Gide_746_1": 0.0, "16_75015_746_1": 0.8, "17_Paris_746_1": 0.0, "18_Newrest_746_1": 0.0, "19_France_746_1": 0.0, "20_Pays_746_1": 0.0, "21_d'origine_746_1": 0.0, "22_FRA:_746_1": 0.0, "23_France_746_1": 0.0, "0_Total_receipt_00605_0": 0.0, "1_128.000_receipt_00605_0": 0.0, "2_20.000_receipt_00605_0": 0.0, "3_1_receipt_00605_0": 0.0, "4_SOKLAT_receipt_00605_0": 0.0, "5_ES_receipt_00605_0": 0.5, "6_KOPI_receipt_00605_0": 0.5, "7_108.000_receipt_00605_0": 0.0, "8_6_receipt_00605_0": 0.0, "9_ES_receipt_00605_0": 0.0, "10_KOPI_receipt_00605_0": 0.25, "11_SUSU_receipt_00605_0": 0.75, "0_MONTANT_487_0": 0.14285714285714285, "1_QTE_487_0": 1.0, "2_DESCRIPTION_487_0": 0.0, "3_Gargot_487_0": 0.0, "4_Aytre._487_0": 0.16666666666666666, "5_17440_487_0": 0.0, "6_Rue_487_0": 0.0, "7_Nicolas_487_0": 0.0, "8_Dimanche_487_0": 0.0, "9_9h_487_0": 0.5, "10_a_487_0": 0.0, "11_12h30_487_0": 0.0, "12_Lundi_487_0": 0.0, "13_au_487_0": 0.0, "14_Samedi_487_0": 0.0, "15_de_487_0": 0.0, "16_9h_487_0": 1.0, "17_a_487_0": 0.0, "18_20h00_487_0": 0.0, "19_0546457320_487_0": 0.0, "20_Tel_487_0": 0.0, "21_Carrefour_487_0": 0.0, "22_market_487_0": 0.0, "23_AYTRE_487_0": 0.0, "0_PECHES_683_1": 0.0, "1_BLANCHES_683_1": 0.0, "2_OU_683_1": 1.0, "3_JAUNES_683_1": 0.0, "4_1.18_683_1": 0.0, "5_2_683_1": 0.0, "6_VERT_683_1": 0.0, "7_0.42_683_1": 0.0, "8_CITRON_683_1": 0.0, "9_1.62_683_1": 0.0, "10_2_683_1": 0.0, "11_BANANES_683_1": 0.0, "12_RADIS_683_1": 0.0, "13_0.99_683_1": 0.0, "14_LEGUNES_683_1": 0.2857142857142857, "15_FRUITS_683_1": 0.16666666666666666, "16_ET_683_1": 0.0, "17_A_683_1": 0.0, "18_AGNEAU_683_1": 0.0, "19_K7_683_1": 1.0, "20_COTE**_683_1": 0.3333333333333333, "21_GRILLER_683_1": 0.0, "22_8.61_683_1": 0.5, "23_2_683_1": 0.0, "24_2_683_1": 0.0, "25_AGNEAU_683_1": 0.16666666666666666, "26_K7_683_1": 1.0, "27_COTE***_683_1": 0.42857142857142855, "28_A_683_1": 0.0, "29_GRILLER_683_1": 0.0, "30_8.79_683_1": 0.0, "31_BOUCHERIE_683_1": 0.1111111111111111, "32_1.54_683_1": 0.0, "33_CANEMB.ENT._683_1": 0.18181818181818182, "34_21ENG,250G_683_1": 0.6, "35_2_683_1": 0.0, "36_CREMERIE_683_1": 0.25, "37_S.S,3X25G_683_1": 0.3333333333333333, "38_2.90_683_1": 0.0, "39_5_683_1": 1.0, "40_MENTHE_683_1": 0.16666666666666666, "41_1.15_683_1": 0.0, "42_ORI,100G_683_1": 0.625, "43_MINI-FLUT_683_1": 0.1111111111111111, "44_TOM_683_1": 0.6666666666666666, "45_OLV_683_1": 1.0, "46_2_683_1": 1.0, "47_VINAIGRE,125G_683_1": 0.38461538461538464, "48_1.11_683_1": 1.0, "49_CHIPS_683_1": 0.0, "50_ORIGINAL_683_1": 0.0, "51_BACON,_683_1": 0.16666666666666666, "52_0.90_683_1": 0.25, "53_2_683_1": 0.0, "54_TWINUTS_683_1": 0.14285714285714285, "55_150G_683_1": 0.25, "56_EPICERIE_683_1": 0.125, "57_SECHE_683_1": 0.0, "0_ _receipt_00127_0": 1.0, "0_:_636_1": 1.0, "1_Nombre_636_1": 0.0, "2_de_636_1": 0.0, "3_retours_636_1": 0.0, "4_0_636_1": 1.0, "5_Nombre_636_1": 0.0, "6_d'articles_636_1": 0.0, "7_1_636_1": 0.0, "8_20,00_636_1": 0.0, "9_6,66_636_1": 0.0, "10_1,33_636_1": 0.75, "11_7,99_636_1": 0.5, "12_CODE_636_1": 0.0, "13_TAUX_636_1": 0.0, "14_HT_636_1": 0.0, "15_TVA_636_1": 0.0, "16_TTC_636_1": 0.0, "17_DETAIL_636_1": 0.0, "18_TVA_636_1": 0.0, "19_CARTE_636_1": 0.0, "20_BANCAIRE:_636_1": 0.1111111111111111, "21_7,99_636_1": 0.5, "22_PAIEMENT_636_1": 0.125, "23_EN_636_1": 0.0, "24_EUR_636_1": 0.0, "25_7,99_636_1": 0.25, "26_NET_636_1": 0.0, "27_A_636_1": 0.0, "28_PAYER_636_1": 0.0, "29_EN_636_1": 0.0, "30_EUR_636_1": 0.0, "31_7,99_636_1": 1.0, "32_7,99_636_1": 1.0, "0_ _receipt_00539_0": 3.0, "0_>>>>_616_0": 0.0, "1_BUP_616_0": 0.0, "2_3,95_616_0": 0.5, "3_BIEN_616_0": 0.25, "4_SHT_616_0": 0.3333333333333333, "5_1KG_616_0": 0.3333333333333333, "6_\u20ac_616_0": 0.0, "7_ARACHIDE_616_0": 0.0, "8_COQUE_616_0": 0.4, "9_VU_616_0": 1.0, "10_LEGUMES_616_0": 0.0, "11_FRUITS_616_0": 0.0, "12_ET_616_0": 0.0, "13_>>>>_616_0": 0.5, "14_928770_616_0": 0.0, "15_12:23_616_0": 0.0, "16_23/03/17_616_0": 0.0, "17_PA_616_0": 0.5, "18_183_616_0": 0.0, "19_Ticket_616_0": 0.0, "20_Heure_616_0": 0.2, "21_Date_616_0": 0.0, "22_TPU_616_0": 0.6666666666666666, "23_Operateur_616_0": 0.1111111111111111, "24_Le_616_0": 0.0, "25_dimanche_616_0": 0.125, "26_de_616_0": 0.0, "27_8h30_616_0": 0.25, "28_a_616_0": 1.0, "29_12h30_616_0": 0.2, "30_De_616_0": 0.0, "31_8h30_616_0": 0.5, "32_20h00_616_0": 0.2, "33_a_616_0": 0.0, "34_Tel_616_0": 0.0, "35_04.66.35.36.30_616_0": 0.0, "36_VERGEZE_616_0": 0.14285714285714285, "37_30310_616_0": 0.0, "38_Codognan_616_0": 0.25, "39_de_616_0": 0.0, "40_Route_616_0": 0.0, "0_Total_receipt_00138_1": 1.0, "1_Rupiah_receipt_00138_1": 0.5, "2_10.00_receipt_00138_1": 1.0, "3_PB1_receipt_00138_1": 1.0, "4_%_receipt_00138_1": 1.0, "5_38.430_receipt_00138_1": 1.0, "6_Charge_receipt_00138_1": 0.6666666666666666, "7_Serv._receipt_00138_1": 0.8, "8_18.300_receipt_00138_1": 0.5, "9_Total_receipt_00138_1": 1.4, "10_7_receipt_00138_1": 2.0, "11_item_receipt_00138_1": 0.75, "12_366.000_receipt_00138_1": 0.5714285714285714, "13_#F11_receipt_00138_1": 1.0, "14_CREAM_receipt_00138_1": 0.8, "15_HAMBURG_receipt_00138_1": 0.7142857142857143, "16_0_receipt_00138_1": 2.0, "17_1.00_receipt_00138_1": 1.0, "18_58000_receipt_00138_1": 1.2, "19_58000_receipt_00138_1": 0.0, "20_RENDANG_receipt_00138_1": 0.7142857142857143, "21_OMURICE_receipt_00138_1": 0.7142857142857143, "22_1.00_receipt_00138_1": 1.0, "23_48000_receipt_00138_1": 0.6, "24_48000_receipt_00138_1": 1.0, "25_CLASSIC_receipt_00138_1": 0.2857142857142857, "26_TOMATO_receipt_00138_1": 0.6666666666666666, "27_1.00_receipt_00138_1": 1.0, "28_48000_receipt_00138_1": 1.0, "29_.48000_receipt_00138_1": 0.16666666666666666, "30_WELL_receipt_00138_1": 0.5, "31_CHICKEN_receipt_00138_1": 0.7142857142857143, "32_KATSU_receipt_00138_1": 0.2, "33_C_receipt_00138_1": 1.0, "34_1.00_receipt_00138_1": 1.0, "35_58000_receipt_00138_1": 0.2, "36_58000_receipt_00138_1": 0.2, "37_WELL_receipt_00138_1": 0.75, "38_TORI_receipt_00138_1": 0.5, "39_KARAAGE_receipt_00138_1": 0.2857142857142857, "40_MU_receipt_00138_1": 0.5, "41_1.00._receipt_00138_1": 1.0, "42_58000_receipt_00138_1": 0.4, "43_58000_receipt_00138_1": 0.2, "44_CHICKEN_receipt_00138_1": 0.5714285714285714, "45_KATSUDON_receipt_00138_1": 0.875, "46_1.00_receipt_00138_1": 0.5, "47_48000_receipt_00138_1": 0.8, "48_48000_receipt_00138_1": 1.2, "49_BACON_receipt_00138_1": 0.8, "50_SHIMEJI_receipt_00138_1": 1.0, "51_SPAGHE_receipt_00138_1": 0.6666666666666666, "52_1.00_receipt_00138_1": 0.75, "53_48000_receipt_00138_1": 0.2, "54_48000_receipt_00138_1": 0.4, "0_0_receipt_00165_1": 1.0, "1_Kembalian_receipt_00165_1": 0.1111111111111111, "2_21.000_receipt_00165_1": 0.16666666666666666, "3_CASH_receipt_00165_1": 0.75, "4_21.000_receipt_00165_1": 0.0, "5_Total_receipt_00165_1": 0.0, "6_21.000_receipt_00165_1": 0.0, "7_Subtotal_receipt_00165_1": 0.0, "0_:_175_2": 1.0, "1_DIMANCHE_175_2": 0.0, "2_Des_175_2": 0.0, "3_9h..._175_2": 1.0, "4_LUNDI-SAMEDI_175_2": 0.0, "5_08h-21h_175_2": 0.0, "0_Sous-Total_622_1": 0.0, "1_5.92_622_1": 0.0, "2_3.28_622_1": 0.0, "3_SAM_622_1": 0.0, "4_FR_622_1": 0.0, "5_NON_622_1": 0.0, "6_PESE_622_1": 0.0, "7_0.69kg_622_1": 0.3333333333333333, "8_4.75\u20ac/kg=_622_1": 0.1111111111111111, "9_3.28\u20ac_622_1": 0.0, "10_x_622_1": 2.0, "11_2.64_622_1": 0.0, "12_FR_622_1": 0.0, "13_EDDOES_622_1": 0.0, "14_0.53kg_622_1": 0.0, "15_4.99\u20ac/kg_622_1": 0.125, "16_x_622_1": 2.0, "17_2.64\u20ac_622_1": 0.2, "18_NON_622_1": 0.0, "19_PESE_622_1": 0.0, "20_=_622_1": 0.0, "21_Designation_622_1": 0.0, "22_Qte_622_1": 0.0, "23_Prix_622_1": 0.0, "24_\u20ac_622_1": 1.0, "25_(_622_1": 0.0, "26_1)_622_1": 1.0, "27_Vendeur_622_1": 0.0, "28_HELENE_622_1": 0.0, "29_:_622_1": 1.0, "30_05/07/2017_622_1": 0.0, "31_a_622_1": 0.0, "32_17:28:56_622_1": 0.125, "33_Edite_622_1": 0.0, "34_le_622_1": 0.0, "35_93386-3_622_1": 0.0, "36_Ticket_622_1": 0.0, "37_Tel:_622_1": 0.0, "38_Rochelle_622_1": 0.0, "39_17000_622_1": 0.0, "40_La_622_1": 0.0, "0_bientot_807_2": 0.0, "1_Merci_807_2": 0.4, "2_Et_807_2": 0.0, "3_5.50%_807_2": 0.2, "4_a_807_2": 1.0, "5_TVA_807_2": 0.0, "6_Base_807_2": 0.0, "7_Taux_807_2": 0.0, "8_TVA_807_2": 0.0, "9_TVA_807_2": 0.0, "10_TVA_807_2": 0.0, "11_1,98\u20ac_807_2": 0.4, "12_a_807_2": 0.0, "0_DESCRIPTION_423_0": 0.0, "1_QTE_423_0": 1.0, "2_MONTANT_423_0": 0.2857142857142857, "3_:_423_0": 1.0, "4_Tel_423_0": 0.0, "5_ROCHELLE_423_0": 0.0, "6_LA_423_0": 0.5, "7_17000_423_0": 0.0, "8_RUE_423_0": 0.0, "9_DE_423_0": 0.0, "10_LA_423_0": 0.5, "11_33_423_0": 0.0, "12_CRF-CITY_423_0": 0.0, "13_LA_423_0": 0.5, "14_ROCHELLE_423_0": 0.0, "0_0007_82_2": 0.25, "1_003_82_2": 0.3333333333333333, "2_000046_82_2": 0.0, "3_26/11/2016_82_2": 0.1, "4_11:55:16_82_2": 0.0, "5_aux_82_2": 0.0, "6_controlee_82_2": 0.1111111111111111, "7_TR_82_2": 0.0, "8_en_82_2": 0.0, "9_caisse_82_2": 0.0, "10_CARTE_82_2": 0.0, "11_BANCAIRE_82_2": 0.0, "12_EMV_82_2": 0.0, "13_EUR_82_2": 0.0, "14_31.60\u20ac_82_2": 0.3333333333333333, "15_Feference_82_2": 0.0, "16_TITRES_82_2": 0.0, "17_RESTAURANT_82_2": 0.0, "18_EUR_82_2": 0.0, "19_8.80\u20ac_82_2": 0.4, "20_TITRES_82_2": 0.0, "21_RESTAURANT_82_2": 0.0, "22_EUR_82_2": 0.0, "23_8.80\u20ac_82_2": 0.4, "24_ATICLE(S)_82_2": 0.1111111111111111, "25_19_82_2": 0.5, "26_TOTAL_82_2": 0.0, "27_A_82_2": 0.0, "28_PAYER_82_2": 0.0, "29_48.20\u20ac_82_2": 0.3333333333333333, "0_MERCI_84_1": 0.0, "1_DE_84_1": 0.0, "2_VOTRE_84_1": 0.0, "3_VISITE_84_1": 0.0, "4_0006_84_1": 0.0, "5_000040_84_1": 0.0, "6_002_84_1": 0.0, "7_12/01/2017_84_1": 0.0, "8_08:34:14_84_1": 0.0, "9_CB_84_1": 0.0, "10_EMV_84_1": 0.3333333333333333, "11_SANS_84_1": 0.0, "12_CONTACT_84_1": 0.0, "13_EUR_84_1": 0.0, "14_3.75\u20ac_84_1": 0.4, "15_(S)_84_1": 0.6666666666666666, "16_ARTICLE_84_1": 0.0, "17_TOTAL_84_1": 0.4, "18_A_84_1": 0.0, "19_PAYER_84_1": 0.0, "20_3.75\u20ac_84_1": 0.6, "21_*BRK_84_1": 0.0, "22_SGR_84_1": 0.3333333333333333, "23_1L_84_1": 0.5, "24_PJ_84_1": 0.5, "25_POMM_84_1": 0.5, "26_1.59_84_1": 0.0, "27_*BISC.PT_84_1": 0.0, "28_DEJ.CRF_84_1": 0.0, "29_2.16\u20ac_84_1": 0.4, "30_DESCRIPTION_84_1": 0.0, "31_QTE_84_1": 0.0, "32_MONTANT_84_1": 0.2857142857142857, "0_1_receipt_00630_0": 2.0, "1_Tobiko_receipt_00630_0": 0.5, "2_24,000_receipt_00630_0": 0.3333333333333333, "3_Gunkan_receipt_00630_0": 0.16666666666666666, "4_Teppan_receipt_00630_0": 0.16666666666666666, "5_1_receipt_00630_0": 2.0, "6_36,000_receipt_00630_0": 0.16666666666666666, "7_Seafood_receipt_00630_0": 0.2857142857142857, "8_Fr_receipt_00630_0": 1.0, "9_Rc_receipt_00630_0": 0.5, "10_Tepanyaki_receipt_00630_0": 0.1111111111111111, "11_2_receipt_00630_0": 0.0, "12_44,000_receipt_00630_0": 0.16666666666666666, "13_Cawanmushi_receipt_00630_0": 0.3, "14_46,000_receipt_00630_0": 0.0, "15_1_receipt_00630_0": 1.0, "16_Tairyos_receipt_00630_0": 0.0, "17_Salmon_receipt_00630_0": 0.3333333333333333, "18_Maki_receipt_00630_0": 0.25, "19_318,000_receipt_00630_0": 0.0, "20_1_receipt_00630_0": 1.0, "21_Set_receipt_00630_0": 0.0, "22_Menu_receipt_00630_0": 0.25, "23_Family_receipt_00630_0": 0.16666666666666666, "24_24,500_receipt_00630_0": 0.0, "25_1_receipt_00630_0": 2.0, "26_Grilled_receipt_00630_0": 0.0, "27_Salmon_receipt_00630_0": 0.16666666666666666, "28_Head_receipt_00630_0": 0.25, "0_CB_181_1": 0.5, "1_EMV_181_1": 0.0, "2_SANS_181_1": 0.0, "3_CONTACT_181_1": 0.0, "4_EUR_181_1": 0.0, "5_13.01\u20ac_181_1": 0.3333333333333333, "6_ARTICLE_181_1": 0.0, "7_(S)_181_1": 0.6666666666666666, "8_TOTAL_181_1": 0.0, "9_A_181_1": 0.0, "10_PAYER_181_1": 0.0, "11_13.01\u20ac_181_1": 0.3333333333333333, "12_OSEILLE/RIZ_181_1": 0.0, "13_*SAUMON_181_1": 0.14285714285714285, "14_4.18\u20ac_181_1": 0.4, "15_3.65\u20ac_181_1": 0.4, "16_*POULET_181_1": 0.0, "17_CHAMP_181_1": 0.4, "18_NOIR_181_1": 0.0, "19_2.50\u20ac/kg_181_1": 0.25, "20_0.168kg_181_1": 0.0, "21_x_181_1": 1.0, "22_POMME_181_1": 0.2, "23_ROYAL_181_1": 0.0, "24_GALA_181_1": 0.25, "25_0.42\u20ac_181_1": 0.4, "26_*F_181_1": 1.0, "27_2.80\u20ac/kg_181_1": 0.25, "28_0.170kg_181_1": 0.0, "29_x_181_1": 0.0, "30_POMME_181_1": 0.4, "31_CANADA_181_1": 0.0, "32_0.48\u20ac_181_1": 0.4, "33_*F_181_1": 0.0, "34_1.08\u20ac_181_1": 0.4, "35_*80G_181_1": 0.5, "36_CHOC_181_1": 0.0, "37_NOIR_181_1": 0.25, "38_80%_181_1": 0.0, "39_1.60_181_1": 0.0, "40_*200G_181_1": 0.2, "41_CAROTTE_181_1": 0.0, "42_RAPE_181_1": 0.0, "43_BI_181_1": 0.0, "44_2x_181_1": 1.0, "45_3.20\u20ac_181_1": 0.4, "46_QTE_181_1": 0.3333333333333333, "47_DESCRIPTION_181_1": 0.0, "48_MONTANT_181_1": 0.42857142857142855, "0_TOTAL_249_1": 0.8, "1_ALINENTAIRE_249_1": 0.36363636363636365, "2_33.03\u20ac_249_1": 0.3333333333333333, "3_*VACHE_249_1": 0.5, "4_QUI_249_1": 1.0, "5_RITX_249_1": 0.25, "6_32_249_1": 0.5, "7_3.35\u20ac_249_1": 0.4, "8_*PUR_249_1": 0.0, "9_JUS_249_1": 0.6666666666666666, "10_RAISIN_249_1": 0.0, "11_1L_249_1": 0.5, "12_1.15\u20ac_249_1": 0.4, "13_*PIZZA_249_1": 0.6666666666666666, "14_4SAISONS_249_1": 0.25, "15_CRF_249_1": 0.0, "16_2.43\u20ac_249_1": 0.4, "17_*ORANGE_249_1": 0.0, "18_DESS.GROS_249_1": 0.0, "19_2.03\u20ac_249_1": 0.4, "20_*LEGUME_249_1": 0.14285714285714285, "21_DU_249_1": 1.0, "22_SUD_249_1": 1.0, "23_1L_249_1": 0.5, "24_2.15\u20ac_249_1": 0.4, "25_POULET_249_1": 0.0, "26_HALAL_249_1": 0.0, "27_KG_249_1": 0.5, "28_BL_249_1": 0.0, "29_2.54\u20ac_249_1": 0.4, "30_ESCALOP_249_1": 0.0, "31_KG_249_1": 0.5, "32_DDE_249_1": 0.0, "33_HAL_249_1": 0.0, "34_1.96\u20ac_249_1": 0.4, "35_*FR.FRAIS_249_1": 0.0, "36_0&MG_249_1": 0.75, "37_CRF_249_1": 0.0, "38_1.51\u20ac_249_1": 0.4, "39_*EMMENTAL_249_1": 0.2222222222222222, "40_FRANCAIS_249_1": 0.0, "41_3.42\u20ac_249_1": 0.4, "42_1.22\u20ac_249_1": 0.4, "43_1.10\u20ac_249_1": 0.4, "44_2.12\u20ac_249_1": 0.4, "45_2.25\u20ac_249_1": 0.4, "46_*4X120G_249_1": 0.14285714285714285, "47_PANIER_249_1": 0.16666666666666666, "48_EXTR_249_1": 0.0, "49_*2X1/4_249_1": 0.0, "50_THON_249_1": 0.0, "51_ALB.CRF_249_1": 0.0, "52_2.97\u20ac_249_1": 0.4, "53_12_249_1": 0.5, "54_OEUFS_249_1": 0.0, "55_MOY.CRF_249_1": 0.2857142857142857, "56_2.83\u20ac_249_1": 0.4, "0_3.50_751_0": 0.0, "1_SOUS_751_0": 1.0, "2_TOTAL_751_0": 0.0, "3_VPM_751_0": 0.0, "4_3.50_751_0": 0.0, "5_1_751_0": 2.0, "6_*_751_0": 0.0, "7_3.50_751_0": 0.75, "8_FRAMB-MP_751_0": 0.0, "9_ENERGISANT_751_0": 0.0, "10_CORPS_751_0": 1.0, "11_56015_751_0": 0.0, "12_LAIT_751_0": 0.0, "13_TICKET_751_0": 0.0, "14_:_751_0": 1.0, "15_0546414888_751_0": 0.0, "16_TEL_751_0": 0.0, "17_ROCHELLE_751_0": 0.0, "18_17000_751_0": 0.0, "19_LA_751_0": 1.0, "20_TEMPLE_751_0": 0.0, "21_RUE_751_0": 0.0, "22_DU_751_0": 1.0, "23_29_751_0": 0.0, "24_BEAUDROUX_751_0": 0.0, "25_S.A.R.L._751_0": 0.375, "26_Rocher_751_0": 0.0, "27_Yves_751_0": 0.0, "28_Beaute_751_0": 0.0, "29_Centre_751_0": 0.0, "30_de_751_0": 0.0, "0_PPN_receipt_00556_1": 0.3333333333333333, "1_(_receipt_00556_1": 1.0, "2_1,236)_receipt_00556_1": 0.16666666666666666, "3_Kembalian_receipt_00556_1": 0.1111111111111111, "4_0_receipt_00556_1": 0.0, "5_GOPAY_receipt_00556_1": 0.2, "6_WALLET_receipt_00556_1": 0.0, "7_9,900_receipt_00556_1": 0.2, "8_Belanja_receipt_00556_1": 0.0, "9_Total_receipt_00556_1": 0.0, "10_9,900_receipt_00556_1": 0.0, "11_Disc._receipt_00556_1": 0.0, "12_Total_receipt_00556_1": 0.0, "13_3,901_receipt_00556_1": 0.2, "14_Total_receipt_00556_1": 0.0, "15_Item_receipt_00556_1": 0.25, "16_2_receipt_00556_1": 0.0, "17_13,801_receipt_00556_1": 0.0, "18_Disc._receipt_00556_1": 0.0, "19_-3,900_receipt_00556_1": 0.16666666666666666, "0_BIENTOT_279_2": 0.0, "0_5_receipt_00642_0": 1.0, "1_18.000_receipt_00642_0": 0.0, "2_90.000_receipt_00642_0": 0.16666666666666666, "3_n_receipt_00642_0": 0.0, "4_Es_receipt_00642_0": 0.0, "5_Kopi_receipt_00642_0": 0.0, "6_Sudirma_receipt_00642_0": 0.0, "7_Susu_receipt_00642_0": 0.0, "0_PAJAK_receipt_00253_0": 0.4, "1_PB1_receipt_00253_0": 0.6666666666666666, "2_10%_receipt_00253_0": 0.3333333333333333, "3_6,818_receipt_00253_0": 0.4, "4_BIAYA_receipt_00253_0": 0.2, "5_TAMBAHAN_receipt_00253_0": 0.0, "6_0_receipt_00253_0": 0.0, "7_DISKON_receipt_00253_0": 0.16666666666666666, "8_0_receipt_00253_0": 1.0, "9_68,180_receipt_00253_0": 0.6666666666666666, "10_SUBTOTAL_receipt_00253_0": 0.0, "11_Total_receipt_00253_0": 0.8, "12_Menu_receipt_00253_0": 0.25, "13_1_receipt_00253_0": 1.0, "14_Strawberry SLC_receipt_00253_0": 0.21428571428571427, "15_FL Cake -_receipt_00253_0": 0.2222222222222222, "16_>_receipt_00253_0": 1.0, "17_0_receipt_00253_0": 0.0, "18_1_receipt_00253_0": 1.0, "19_PAKET_receipt_00253_0": 0.0, "20_SLICES_receipt_00253_0": 1.0, "21_0_receipt_00253_0": 0.0, "22_>_receipt_00253_0": 1.0, "23_1_receipt_00253_0": 1.0, "24_SLC_receipt_00253_0": 1.0, "25_FL Cake -_receipt_00253_0": 0.5555555555555556, "26_Oreo_receipt_00253_0": 0.75, "27_0_receipt_00253_0": 1.0, "28_1_receipt_00253_0": 1.0, "29_PAKET_receipt_00253_0": 0.2, "30_SLICES_receipt_00253_0": 1.0, "31_0_receipt_00253_0": 0.0, "32__receipt_00253_0": 2.0, "33_1_receipt_00253_0": 1.0, "34_Vanilla SLC_receipt_00253_0": 0.18181818181818182, "35_FL Cake - French_receipt_00253_0": 0.25, "36_0_receipt_00253_0": 0.0, "37_1_receipt_00253_0": 1.0, "38_PAKET_receipt_00253_0": 0.8, "39_SLICES_receipt_00253_0": 0.5, "40_0_receipt_00253_0": 0.0, "41_)_receipt_00253_0": 1.0, "42_1_receipt_00253_0": 1.0, "43_68,180_receipt_00253_0": 0.5, "44_FL-Xmas_receipt_00253_0": 0.8571428571428571, "45_30_receipt_00253_0": 1.0, "46_Off_receipt_00253_0": 1.0, "47_1_receipt_00253_0": 1.0, "0_Change:_receipt_00667_1": 1.0, "1_0_receipt_00667_1": 1.0, "2_105,999_receipt_00667_1": 0.0, "3_[105,999]_receipt_00667_1": 0.2222222222222222, "4_~ CASH_receipt_00667_1": 0.16666666666666666, "5_GRAND_receipt_00667_1": 0.0, "6_TOTAL_receipt_00667_1": 0.0, "7_9,636_receipt_00667_1": 0.6, "8_RESTAURANT_receipt_00667_1": 0.0, "9_TAX_receipt_00667_1": 0.3333333333333333, "10_96,363_receipt_00667_1": 0.0, "11_SUB._receipt_00667_1": 1.0, "12_TOTAL_receipt_00667_1": 0.0, "13_13,636_receipt_00667_1": 0.0, "14_1_receipt_00667_1": 1.0, "15_TEMPURA_receipt_00667_1": 0.0, "16_EBI_receipt_00667_1": 0.6666666666666666, "17_12,727_receipt_00667_1": 0.0, "18_ROLL_receipt_00667_1": 0.0, "19_1_receipt_00667_1": 0.0, "20_TOFU_receipt_00667_1": 1.0, "21_SKEWERED_receipt_00667_1": 0.0, "22_10,909_receipt_00667_1": 0.0, "23_1_receipt_00667_1": 0.0, "24_OCHA_receipt_00667_1": 0.0, "25_COLD_receipt_00667_1": 1.0, "26_28,182_receipt_00667_1": 0.0, "27_(KIDS)_receipt_00667_1": 0.5, "28_1_receipt_00667_1": 0.0, "29_KITSUNE_receipt_00667_1": 0.14285714285714285, "30_UDON_receipt_00667_1": 1.0, "31_30,909_receipt_00667_1": 0.0, "32_1_receipt_00667_1": 0.0, "33_UDON_receipt_00667_1": 0.75, "34_KAKE_receipt_00667_1": 0.0, "0_DESCRIPTION_453_0": 0.0, "1_QTE_453_0": 1.0, "2_MONTANT_453_0": 0.2857142857142857, "3_:_453_0": 1.0, "4_Tel_453_0": 0.0, "5_17000_453_0": 0.0, "6_LA_453_0": 0.0, "7_ROCHELLE_453_0": 0.0, "8_33_453_0": 0.0, "9_RUE_453_0": 0.0, "10_DE_453_0": 0.0, "11_LA_453_0": 0.0, "12_SCIERIE_453_0": 0.0, "13_CRF-CITY_453_0": 0.0, "14_LA_453_0": 0.0, "15_ROCHELLE_453_0": 0.0, "0_rerercie_470_2": 0.0, "1_Vous_470_2": 0.0, "2_de_470_2": 0.0, "3_votre_470_2": 0.0, "4_visite_470_2": 0.0, "5_CARREFOUR_470_2": 0.0, "6_MARKET_470_2": 0.0, "7_AYTRE_470_2": 0.0, "8_repris_470_2": 0.0, "9_Solde_470_2": 0.0, "10_echange_470_2": 0.0, "11_ni_470_2": 0.0, "12_ni_470_2": 0.0, "13_0122_470_2": 0.0, "14_005_470_2": 0.0, "15_000260_470_2": 0.16666666666666666, "16_30/05/2017_470_2": 0.0, "17_19:21:43_470_2": 0.125, "18_:_470_2": 1.0, "19_Carte_470_2": 0.0, "20_CARTE_470_2": 0.0, "21_BANCAIRE_470_2": 0.0, "22_EMV_470_2": 0.3333333333333333, "23_EUR_470_2": 0.0, "24_25.63\u20ac_470_2": 0.3333333333333333, "25_15_470_2": 0.0, "26_ARTICLE(S)_470_2": 0.0, "27_TOTAL_470_2": 0.0, "28_PAYER_470_2": 0.0, "29_A_470_2": 0.0, "30_30.63\u20ac_470_2": 0.0, "0_Tel_425_0": 0.0, "1_ROCHELLE_425_0": 0.0, "2_17000_425_0": 0.0, "3_LA_425_0": 1.0, "4_SCIERIE_425_0": 0.0, "5_LA_425_0": 0.5, "6_RUE_425_0": 0.0, "7_DE_425_0": 0.0, "8_33_425_0": 1.5, "9_ROCHELLE_425_0": 0.0, "10_CRF-CITY_425_0": 0.0, "11_LA_425_0": 1.0, "0_36.04_796_0": 0.0, "1_Volume_796_0": 0.0, "2_Pompe_796_0": 0.0, "3_95_796_0": 0.0, "4_12_796_0": 1.0, "5_09:55_796_0": 0.0, "6_Date_796_0": 0.0, "7_CLIENT_796_0": 0.0, "8_TICKET_796_0": 0.0, "9_14120_796_0": 0.0, "10_PARIS_796_0": 0.0, "11_RTE_796_0": 0.3333333333333333, "12_ZI_796_0": 0.5, "13_DE_796_0": 0.0, "14_SOCIAL_796_0": 0.0, "15_SIEGE_796_0": 0.0, "16_131900\u20ac_796_0": 0.2857142857142857, "17_SOCIAL_796_0": 0.0, "18_CAPITAL_796_0": 0.0, "19_MER_796_0": 0.0, "20_ANGOUL_796_0": 0.0, "21_SUR_796_0": 0.0, "22_17690_796_0": 0.0, "23_INS_796_0": 0.0, "24_STATION_796_0": 0.0, "25_SAS_796_0": 0.0, "0_17,000_receipt_00119_0": 0.0, "1_1_receipt_00119_0": 0.0, "2_17,000_receipt_00119_0": 0.16666666666666666, "0_1_receipt_00140_0": 0.0, "1_29,000_receipt_00140_0": 0.0, "2_Sweet_receipt_00140_0": 0.0, "3_Plum_receipt_00140_0": 0.0, "4_Potato*_receipt_00140_0": 0.8571428571428571, "5_1_receipt_00140_0": 0.0, "6_- Pedas_receipt_00140_0": 0.0, "7_sedikit_receipt_00140_0": 0.0, "8_0_receipt_00140_0": 0.0, "9_Seafood_receipt_00140_0": 0.0, "10_Tempura_receipt_00140_0": 0.0, "11_1_receipt_00140_0": 1.0, "12_40,000_receipt_00140_0": 0.0, "13_BBQ_receipt_00140_0": 0.0, "0_Kembali_receipt_00422_1": 0.42857142857142855, "1_0_receipt_00422_1": 0.0, "2_Tunai_receipt_00422_1": 0.4, "3_62.000_receipt_00422_1": 0.16666666666666666, "4_Total_receipt_00422_1": 0.2, "5_62.000_receipt_00422_1": 0.16666666666666666, "6_Thai_receipt_00422_1": 0.5, "7_Coffee_receipt_00422_1": 0.16666666666666666, "8_ICE_receipt_00422_1": 1.0, "9_1_receipt_00422_1": 1.0, "10_20.000_receipt_00422_1": 0.3333333333333333, "11_Green_receipt_00422_1": 0.4, "12_Tea_receipt_00422_1": 0.3333333333333333, "13_ICE_receipt_00422_1": 1.0, "14_1_receipt_00422_1": 1.0, "15_22.000_receipt_00422_1": 0.16666666666666666, "16_Thai_receipt_00422_1": 0.25, "17_Tea_receipt_00422_1": 0.3333333333333333, "18_ICE_receipt_00422_1": 0.6666666666666666, "19_1_receipt_00422_1": 1.0, "20_-_receipt_00422_1": 1.0, "21_20.000_receipt_00422_1": 0.0, "0_Tel_422_0": 0.0, "1_ROCHELLE_422_0": 0.0, "2_17000_422_0": 0.0, "3_33_422_0": 0.0, "4_RUE_422_0": 0.0, "5_DE_422_0": 0.0, "6_LA_422_0": 0.0, "7_SCIERIE_422_0": 0.0, "8_CRF-CITY_422_0": 0.0, "9_LA_422_0": 0.0, "10_ROCHELLE_422_0": 0.0, "0_MERCI_160_1": 0.0, "1_DE_160_1": 0.0, "2_VOTRE_160_1": 0.0, "3_VISITE_160_1": 0.0, "4_0007_160_1": 1.0, "5_003_160_1": 0.0, "6_000110_160_1": 0.0, "7_06/09/2016_160_1": 0.2, "8_12:11:29_160_1": 0.0, "9_CB_160_1": 0.5, "10_EMV_160_1": 0.0, "11_SANS_160_1": 0.0, "12_CONTACT_160_1": 0.0, "13_EUR_160_1": 0.0, "14_7.90\u20ac_160_1": 0.4, "15_ALTICLE_160_1": 0.14285714285714285, "16_(S)_160_1": 0.6666666666666666, "17_TOTAL_160_1": 0.0, "18_PAYER_160_1": 0.0, "19_A_160_1": 1.0, "20_7.90\u20ac_160_1": 0.4, "21_POr_160_1": 0.3333333333333333, "22_X4_160_1": 0.5, "23_.MURE_160_1": 0.4, "24_MATERN_160_1": 0.3333333333333333, "25_1.68\u20ac_160_1": 0.4, "26_VACHE_160_1": 0.0, "27_A_160_1": 1.0, "28_BOIRE_160_1": 0.0, "29_VANI_160_1": 0.75, "30_1.99\u20ac_160_1": 0.4, "31_3206_160_1": 0.25, "32_LDE_160_1": 1.0, "33_STOCKHOL_160_1": 0.0, "34_4.23\u20ac_160_1": 0.4, "35_DESCRIPTION_160_1": 0.2727272727272727, "36_QTE_160_1": 1.0, "37_MONTANT_160_1": 0.2857142857142857, "0_REDBEAN_receipt_00081_0": 0.14285714285714285, "1_4_receipt_00081_0": 1.0, "2_BREAD_receipt_00081_0": 0.2, "3_36,000_receipt_00081_0": 0.0, "0_MERCI_16_1": 0.0, "1_DE_16_1": 0.0, "2_VOTRE_16_1": 0.0, "3_VISITE_16_1": 0.0, "4_000136_16_1": 0.0, "5_003_16_1": 0.0, "6_20/12/2016_16_1": 0.1, "7_19:39:08_16_1": 0.0, "8_Votre_16_1": 0.0, "9_Monnaie_16_1": 0.0, "10_-5.13\u20ac_16_1": 0.3333333333333333, "11_ESPECES_16_1": 0.0, "12_EUR_16_1": 0.0, "13_10.00\u20ac_16_1": 0.3333333333333333, "14_TOTAL._16_1": 0.16666666666666666, "15_(S)_16_1": 0.3333333333333333, "16_A_16_1": 0.0, "17_PAYER_16_1": 0.0, "18_4.87\u20ac_16_1": 0.4, "19_*KINDEF_16_1": 0.5714285714285714, "20_SCHOKOBONS_16_1": 0.2, "21_4.87\u20ac_16_1": 0.4, "22_DESCRIPTION_16_1": 0.45454545454545453, "23_QTE_16_1": 1.0, "24_MONTANT_16_1": 0.14285714285714285, "0_MERCI_357_1": 0.2, "1_DE_357_1": 0.0, "2_VOTRE_357_1": 0.0, "3_VISITE_357_1": 0.0, "4_0007_357_1": 0.0, "5_004_357_1": 0.0, "6_000062_357_1": 0.0, "7_12/06/2017_357_1": 0.0, "8_11:40:24_357_1": 0.0, "9_CB_357_1": 0.0, "10_EMV_357_1": 0.0, "11_SANS_357_1": 0.0, "12_CONTACT_357_1": 0.0, "13_EUR_357_1": 0.0, "14_11.81\u20ac_357_1": 0.3333333333333333, "15_5_357_1": 0.0, "16_ARTICLE_357_1": 0.0, "17_(S)_357_1": 0.3333333333333333, "18_TOTAL_357_1": 0.0, "19_A_357_1": 0.0, "20_PAYER_357_1": 0.0, "21_11.81\u20ac_357_1": 0.3333333333333333, "22_*TABOULE_357_1": 0.25, "23_VOLAILLE_357_1": 0.25, "24_1.70\u20ac_357_1": 0.4, "25_2x_357_1": 0.5, "26_*HOUSSE_357_1": 0.0, "27_AU_357_1": 0.0, "28_CHOCOLAT_357_1": 0.0, "29_3.11_357_1": 0.75, "30_6.22\u20ac_357_1": 0.4, "31_*LT3X22G_357_1": 0.125, "32_HWD_357_1": 0.3333333333333333, "33_2FRESH_357_1": 0.16666666666666666, "34_2.72\u20ac_357_1": 0.4, "35_*500G_357_1": 0.4, "36_CAROT.RAP.CRF_357_1": 0.07692307692307693, "37_1.17\u20ac_357_1": 0.4, "0_1_receipt_00346_0": 0.0, "1_CRISPY_receipt_00346_0": 0.3333333333333333, "2_REAL_receipt_00346_0": 0.0, "3_CHEESE_receipt_00346_0": 0.0, "4_16,500_receipt_00346_0": 0.0, "5_3_receipt_00346_0": 1.0, "6_<AYA_receipt_00346_0": 0.5, "7_BUN_receipt_00346_0": 0.0, "8_28,500_receipt_00346_0": 0.0, "0_BIENTOT_62_1": 0.0, "1_VISITE_62_1": 0.0, "2_DE_62_1": 0.0, "3_VOTRE_62_1": 0.0, "4_MERCI_62_1": 0.0, "5_09:09:25_62_1": 0.0, "6_11/01/2017_62_1": 0.0, "7_002_62_1": 0.0, "8_000065_62_1": 0.16666666666666666, "9_0005_62_1": 0.25, "10_-1.88\u20ac_62_1": 0.3333333333333333, "11_Monnaie_62_1": 0.0, "12_Votre_62_1": 0.0, "13_4.00\u20ac_62_1": 0.4, "14_EUR_62_1": 0.0, "15_ESPECES_62_1": 0.0, "16_2.12\u20ac_62_1": 0.2, "17_PAYER_62_1": 0.0, "18_TOTAL_62_1": 0.0, "19_(S)_62_1": 1.3333333333333333, "20_A_62_1": 0.0, "21_ARTICLE_62_1": 0.0, "22_2.12\u20ac_62_1": 0.4, "23_1.06_62_1": 0.0, "24_2x_62_1": 0.5, "25_*CRISTALINE_62_1": 0.0, "26_X6_62_1": 0.5, "27_MONTANT_62_1": 0.2857142857142857, "28_QTE_62_1": 0.0, "29_DESCRIPTION_62_1": 0.0, "0_DESCRIPTION_178_0": 0.0, "1_QTE_178_0": 1.0, "2_MONTANT_178_0": 0.14285714285714285, "3_:_178_0": 2.0, "4_Tel_178_0": 0.0, "5_17000_178_0": 0.0, "6_ROCHELLE_178_0": 0.0, "7_LA_178_0": 0.0, "8_178_178_0": 0.0, "9_EMILE_178_0": 0.0, "10_NORMANDIN_178_0": 0.0, "11_AV_178_0": 0.0, "12_CONTACT_178_0": 0.0, "13_LA_178_0": 0.0, "14_ROCHELLE_178_0": 0.0, "0_ _receipt_00738_0": 2.0, "0_CHANGE_receipt_00029_1": 0.5, "1_23,500.00_receipt_00029_1": 0.1111111111111111, "2_CASH_receipt_00029_1": 1.0, "3_DUE_receipt_00029_1": 1.0, "4_226,500.00_receipt_00029_1": 0.3, "5_AMOUNT_receipt_00029_1": 0.16666666666666666, "6_SUB-TOTAL_receipt_00029_1": 0.4444444444444444, "7_226,500.00_receipt_00029_1": 0.2, "8_1_receipt_00029_1": 3.0, "9_TAKE_receipt_00029_1": 0.25, "10_AWAY_receipt_00029_1": 1.25, "11_CHARGE_receipt_00029_1": 0.3333333333333333, "12_AMBUSH_receipt_00029_1": 0.3333333333333333, "13_44,000.00_receipt_00029_1": 0.3333333333333333, "14_CHS_receipt_00029_1": 1.0, "15_BURGER_receipt_00029_1": 0.16666666666666666, "16_4_receipt_00029_1": 1.0, "0_RM_X51005268262_0": 0.0, "1_Code_X51005268262_0": 0.0, "2_Cashier#:_X51005268262_0": 0.1111111111111111, "3_CASHIER_X51005268262_0": 0.0, "4_22/12/2017_X51005268262_0": 0.0, "5_14:03_X51005268262_0": 0.0, "6_Date_X51005268262_0": 0.0, "7_:_X51005268262_0": 1.0, "8_CS67832_X51005268262_0": 0.2857142857142857, "9_No.:_X51005268262_0": 0.25, "10_Involce_X51005268262_0": 0.14285714285714285, "11_TAX_X51005268262_0": 0.0, "12_INVOICE_X51005268262_0": 0.2857142857142857, "13_Reg_X51005268262_0": 0.0, "14_:001637511168_X51005268262_0": 0.07692307692307693, "15_No._X51005268262_0": 0.0, "16_GST_X51005268262_0": 0.0, "17_Company_X51005268262_0": 0.0, "18_Reg_X51005268262_0": 0.0, "19_SA03711551-P_X51005268262_0": 0.25, "20_No._X51005268262_0": 0.0, "21_SELANGOR._X51005268262_0": 0.0, "22_ALAM,_X51005268262_0": 0.0, "23_SETIA_X51005268262_0": 0.0, "24_BANDAR_X51005268262_0": 0.16666666666666666, "25_40170_X51005268262_0": 0.0, "26_ALAM,_X51005268262_0": 0.0, "27_SETIA_X51005268262_0": 0.0, "28_BANDAR_X51005268262_0": 0.0, "29_U13/EG_X51005268262_0": 0.6666666666666666, "30_SETIA_X51005268262_0": 0.0, "31_GEMEILANG_X51005268262_0": 0.0, "32_115G,_X51005268262_0": 0.0, "33_JALAN_X51005268262_0": 0.0, "34_NO.113G_X51005268262_0": 0.14285714285714285, "35_&_X51005268262_0": 0.0, "36_ELECTRICAL_X51005268262_0": 0.0, "37_HARDWARE_X51005268262_0": 0.0, "38_&_X51005268262_0": 1.0, "39_MASTER_X51005268262_0": 0.0, "40_HOME_X51005268262_0": 0.0, "0_17,000_receipt_00586_0": 0.0, "1_MONSIEUR_receipt_00586_0": 0.0, "2_CROQUE_receipt_00586_0": 0.0, "3_1_receipt_00586_0": 0.0, "4_32,000_receipt_00586_0": 0.0, "5_PIZZA_receipt_00586_0": 0.0, "6_TOAST_receipt_00586_0": 0.0, "7_2_receipt_00586_0": 0.0, "8_54,000_receipt_00586_0": 0.0, "9_6_receipt_00586_0": 0.0, "10_TWIST_receipt_00586_0": 0.0, "11_DONUT_receipt_00586_0": 0.0, "0_BCA_receipt_00400_1": 0.0, "1_ECR :_receipt_00400_1": 0.2, "2_110,000_receipt_00400_1": 0.0, "3_Total._receipt_00400_1": 0.0, "4_110,000_receipt_00400_1": 0.0, "5_Rounding_receipt_00400_1": 0.0, "6_-3_receipt_00400_1": 0.0, "7_Before_receipt_00400_1": 0.0, "8_Rounding_receipt_00400_1": 0.0, "9_110,003_receipt_00400_1": 0.0, "10_VAT_receipt_00400_1": 0.0, "11_10%_receipt_00400_1": 0.0, "12_10,000_receipt_00400_1": 0.0, "13_ITEMS :_receipt_00400_1": 0.0, "14_5_receipt_00400_1": 1.0, "15_100,003_receipt_00400_1": 0.0, "16_2_receipt_00400_1": 0.0, "17_ES_receipt_00400_1": 0.0, "18_TEH_receipt_00400_1": 0.0, "19_TAWAR_receipt_00400_1": 0.0, "20_13,638_receipt_00400_1": 0.0, "21_1_receipt_00400_1": 1.0, "22_NASI_receipt_00400_1": 0.25, "23_GORENG_receipt_00400_1": 0.0, "24_27,273_receipt_00400_1": 1.0, "25_1_receipt_00400_1": 2.0, "26_(TW)NASI_receipt_00400_1": 0.25, "27_GORENG_receipt_00400_1": 0.0, "28_27,273_receipt_00400_1": 0.0, "29_1_receipt_00400_1": 1.0, "30_(TW) MIE_receipt_00400_1": 0.625, "31_GORENG_receipt_00400_1": 0.0, "32_AYAM_receipt_00400_1": 0.0, "33_31,819_receipt_00400_1": 0.0, "0_E-Money_receipt_00552_1": 0.14285714285714285, "1_80,000_receipt_00552_1": 0.0, "2_80,000_receipt_00552_1": 0.16666666666666666, "3_TOTAL:_receipt_00552_1": 0.0, "4_No_receipt_00552_1": 0.0, "5_of_receipt_00552_1": 0.0, "6_Line(s):_receipt_00552_1": 0.125, "7_4_receipt_00552_1": 0.0, "8_Qty(s):_receipt_00552_1": 0.14285714285714285, "9_4_receipt_00552_1": 0.0, "10_20,000_receipt_00552_1": 0.16666666666666666, "11_20,000_receipt_00552_1": 0.0, "12_25001_receipt_00552_1": 0.0, "13_1x_receipt_00552_1": 0.5, "14_Original_receipt_00552_1": 0.25, "15_Hugarian_receipt_00552_1": 0.0, "16_Ku_receipt_00552_1": 1.0, "17_20,000_receipt_00552_1": 0.0, "18_20,000_receipt_00552_1": 0.8333333333333334, "19_25001_receipt_00552_1": 0.8, "20_1x_receipt_00552_1": 0.5, "21_Original_receipt_00552_1": 0.25, "22_Hugarian_receipt_00552_1": 0.375, "23_Ku_receipt_00552_1": 1.0, "24_20,000_receipt_00552_1": 0.0, "25_20,000_receipt_00552_1": 0.0, "26_25001_receipt_00552_1": 0.2, "27_1x_receipt_00552_1": 0.5, "0_CODE_734_1": 0.0, "1_TAUX_734_1": 0.0, "2_HT_734_1": 0.0, "3_TVA_734_1": 0.3333333333333333, "4_TTC_734_1": 0.0, "5_DETAIL_734_1": 0.0, "6_TVA_734_1": 0.0, "7_6,98_734_1": 0.0, "8_CARTE_734_1": 0.0, "9_BANCAIRE_734_1": 0.0, "10_:_734_1": 1.0, "11_10,00_734_1": 0.2, "12_2_734_1": 1.0, "13_:_734_1": 1.0, "14_Cheque_734_1": 0.16666666666666666, "15_Cado_734_1": 0.25, "16_NEW_734_1": 0.0, "17_20,00_734_1": 0.2, "18_PAIEMENT_734_1": 0.125, "19_EN_734_1": 0.0, "20_EUR_734_1": 0.0, "21_NET_734_1": 0.0, "22_A_734_1": 1.0, "23_26,98_734_1": 0.0, "24_PAYER_734_1": 0.0, "25_EN_734_1": 0.0, "26_EUR_734_1": 0.0, "27_13,99_734_1": 0.0, "28_13,99_734_1": 0.2, "29_UN_734_1": 0.0, "30_MONDE_734_1": 0.0, "31_(5)_734_1": 1.3333333333333333, "32_MEILLE_734_1": 0.0, "33_x1_734_1": 0.0, "34_12,99_734_1": 1.0, "35_12,99_734_1": 0.0, "0_Rp 39,200.00_receipt_00324_1": 0.16666666666666666, "1_Paid:_receipt_00324_1": 0.0, "2_TOTAL:_receipt_00324_1": 0.16666666666666666, "3_39,200,00_receipt_00324_1": 0.1111111111111111, "4_Tax_receipt_00324_1": 0.3333333333333333, "5_10.00%:_receipt_00324_1": 0.0, "6_Rp 3,563.64_receipt_00324_1": 0.09090909090909091, "7_Rp 35,636.36_receipt_00324_1": 0.3333333333333333, "8_Subtotal:_receipt_00324_1": 0.0, "9_1_receipt_00324_1": 1.0, "10_medium_receipt_00324_1": 0.16666666666666666, "11_tub_receipt_00324_1": 1.0, "12_39,200.0_receipt_00324_1": 0.25, "13_39,200.0_receipt_00324_1": 0.25, "0_30000_receipt_00541_0": 0.0, "1_30000_receipt_00541_0": 0.2, "2_Sabun Beras_receipt_00541_0": 0.0, "3_1_receipt_00541_0": 2.0, "0_Change_receipt_00494_1": 0.16666666666666666, "1_0_receipt_00494_1": 0.0, "2_Cash_receipt_00494_1": 0.0, "3_25.000_receipt_00494_1": 0.0, "4_Total_receipt_00494_1": 0.0, "5_25.000_receipt_00494_1": 0.0, "6_Cha_receipt_00494_1": 1.0, "7_Keaw_receipt_00494_1": 0.25, "8_x1_receipt_00494_1": 1.0, "9_25.000_receipt_00494_1": 0.0, "0_A_264_2": 0.0, "1_BIENTOT_264_2": 0.14285714285714285, "2_VOTRE_264_2": 0.0, "3_VISITE_264_2": 0.0, "4_MERCI_264_2": 0.0, "5_DE_264_2": 0.0, "6_11:52:22_264_2": 0.875, "7_05_264_2": 0.5, "8_003_264_2": 0.0, "9_000121_264_2": 0.3333333333333333, "10_17/07/2017_264_2": 0.4, "0_Kembalian_receipt_00112_1": 0.1111111111111111, "1_0_receipt_00112_1": 1.0, "2_20,000_receipt_00112_1": 0.16666666666666666, "3_Tunai_receipt_00112_1": 0.4, "4_20,000_receipt_00112_1": 0.0, "5_TOTAL_receipt_00112_1": 0.0, "6_(0)_receipt_00112_1": 1.0, "7_Discount_receipt_00112_1": 0.125, "8_20,000_receipt_00112_1": 0.3333333333333333, "9_Subtotal_receipt_00112_1": 0.125, "10_10,000_receipt_00112_1": 0.16666666666666666, "11_Siomay_receipt_00112_1": 0.3333333333333333, "12_Fried_receipt_00112_1": 0.4, "13_1_receipt_00112_1": 0.0, "14_10,000_receipt_00112_1": 0.16666666666666666, "15_Fish_receipt_00112_1": 0.5, "16_Ball_receipt_00112_1": 0.25, "17_1_receipt_00112_1": 1.0, "0_9,454_receipt_00255_1": 0.0, "1_TAX_receipt_00255_1": 0.3333333333333333, "2_94,546_receipt_00255_1": 0.16666666666666666, "3_SUBTOTAL_receipt_00255_1": 0.125, "4_TEA_receipt_00255_1": 0.0, "5_1_receipt_00255_1": 1.0, "6_DILMAH_receipt_00255_1": 0.5, "7_ENGLISH_receipt_00255_1": 0.0, "8_1_receipt_00255_1": 1.0, "9_GARLIC_receipt_00255_1": 0.16666666666666666, "10_BREAD_receipt_00255_1": 0.4, "11_27,273_receipt_00255_1": 0.3333333333333333, "12_1_receipt_00255_1": 1.0, "13_PAKET_receipt_00255_1": 0.6, "14_HAPPY_receipt_00255_1": 0.2, "15_HOUR_receipt_00255_1": 0.25, "16_29,091_receipt_00255_1": 0.16666666666666666, "17_1_receipt_00255_1": 1.0, "18_P/P_receipt_00255_1": 1.0, "19_AMERICAN_receipt_00255_1": 0.25, "20_FAV_receipt_00255_1": 1.0, "21_38,182_receipt_00255_1": 0.16666666666666666, "22_1_receipt_00255_1": 1.0, "23_NEW_receipt_00255_1": 0.3333333333333333, "24_BEEF_receipt_00255_1": 0.5, "25_SPAGHETTI_receipt_00255_1": 0.4444444444444444, "0_Items,_receipt_00158_1": 0.3333333333333333, "1_2_receipt_00158_1": 2.0, "2_61,000_receipt_00158_1": 0.0, "3_kembali_receipt_00158_1": 0.7142857142857143, "4_100,000_receipt_00158_1": 0.0, "5_Cash_receipt_00158_1": 0.25, "6_Total_receipt_00158_1": 0.4, "7_3,546_receipt_00158_1": 0.2, "8_10_receipt_00158_1": 0.0, "9_P.Rest_receipt_00158_1": 0.16666666666666666, "10_%_receipt_00158_1": 2.0, "0_:_176_2": 0.0, "1_Des_176_2": 0.0, "2_DIMANCHE_176_2": 0.0, "3_9h..._176_2": 0.2, "0_8,70_762_1": 0.25, "1_EUR_762_1": 0.0, "2_B_762_1": 0.0, "3_SCORPIO_762_1": 0.0, "4_EAU_762_1": 0.3333333333333333, "5_TOIL_762_1": 0.25, "6_VAP_762_1": 0.3333333333333333, "7_ART#_762_1": 0.25, "8_2,21_762_1": 0.25, "9_4,42_762_1": 0.25, "10_EUR_762_1": 0.0, "11_B_762_1": 0.0, "12_2_762_1": 0.0, "13_X_762_1": 0.0, "14_EUR_762_1": 0.0, "15_WC_762_1": 1.0, "16_ACTIV_762_1": 0.0, "17_BREF_762_1": 0.0, "18_BLOC_762_1": 0.0, "19_H_762_1": 1.0, "20_PRI_762_1": 0.0, "21_4,96_762_1": 0.25, "22_EUR_762_1": 0.0, "23_ADOU_762_1": 0.0, "24_B_762_1": 1.0, "25_LENOR_762_1": 0.0, "26_EVEIL_762_1": 0.8, "27_5,85_762_1": 0.5, "28_EUR_762_1": 0.0, "29_J.ROZE_762_1": 0.0, "30_S.HACHE_762_1": 0.0, "31_X_762_1": 0.0, "32_15%_762_1": 0.0, "33_A_762_1": 1.0, "34_ART#_762_1": 0.25, "35_DETACH_762_1": 0.0, "36_EUR_762_1": 0.0, "37_7,89_762_1": 0.25, "38_B_762_1": 0.0, "39_LIQ_762_1": 0.6666666666666666, "40_XTRA_762_1": 0.0, "41_AVEC_762_1": 0.25, "42_0,89_762_1": 0.5, "43_EUR_762_1": 0.0, "44_A_762_1": 1.0, "45_1,5KG_762_1": 0.4, "46_CAROTTE_762_1": 0.0, "47_1,02_762_1": 0.25, "48_EUR_762_1": 0.0, "49_A_762_1": 0.0, "50_SOURCE_762_1": 0.0, "51_1L5_762_1": 1.0, "52_X6_762_1": 0.5, "53_TB_762_1": 0.5, "54_EAU_762_1": 0.6666666666666666, "55_TEL_762_1": 0.0, "56_ST_762_1": 0.0, "57_D'ANGELY_762_1": 0.125, "58_17400_762_1": 0.0, "59_JEAN_762_1": 0.0, "60_L'AUMONERIE_762_1": 0.09090909090909091, "61_DE_762_1": 0.0, "62_ZAC_762_1": 1.0, "63_INDEPENDANTE_762_1": 0.0, "64_SAS_762_1": 0.0, "65_JAYACO_762_1": 0.0, "66_ENTREPRISE_762_1": 0.1, "0_REDBEAN_receipt_00195_0": 0.14285714285714285, "1_1_receipt_00195_0": 2.0, "2_BREAD_receipt_00195_0": 0.2, "3_9,000_receipt_00195_0": 0.0, "4_1_receipt_00195_0": 1.0, "5_PAIN_receipt_00195_0": 0.0, "6_AU_receipt_00195_0": 1.0, "7_CHOCOLATE_receipt_00195_0": 0.2222222222222222, "8_11,000_receipt_00195_0": 0.0, "9_APPLE_receipt_00195_0": 0.2, "10_1_receipt_00195_0": 2.0, "11_CRISPY_receipt_00195_0": 0.16666666666666666, "12_RAISIN_receipt_00195_0": 0.0, "13_PASTR_receipt_00195_0": 0.0, "14_11,500_receipt_00195_0": 0.0, "0_6,909_receipt_00489_1": 0.4, "1_TAX_receipt_00489_1": 0.6666666666666666, "2_69,091_receipt_00489_1": 0.0, "3_SUBTOTAL_receipt_00489_1": 0.125, "4_1_receipt_00489_1": 1.0, "5_LIPTON_receipt_00489_1": 0.16666666666666666, "6_ICE_receipt_00489_1": 0.0, "7_TEA_receipt_00489_1": 0.0, "8_DEL_receipt_00489_1": 0.0, "9_1_receipt_00489_1": 1.0, "10_P/P_receipt_00489_1": 1.6666666666666667, "11_THUOSAND_receipt_00489_1": 0.375, "12_ISL_receipt_00489_1": 1.0, "13_DEL_receipt_00489_1": 0.3333333333333333, "14_1_receipt_00489_1": 1.0, "15_PEPSI_receipt_00489_1": 0.0, "16_DEL_receipt_00489_1": 0.0, "17_1_receipt_00489_1": 2.0, "18_MAC_receipt_00489_1": 0.3333333333333333, "19_N_receipt_00489_1": 1.0, "20_CHEESE_receipt_00489_1": 0.0, "21_DEL_receipt_00489_1": 0.3333333333333333, "22_1_receipt_00489_1": 1.0, "23_BREAD_receipt_00489_1": 0.2, "24_N_receipt_00489_1": 3.0, "25_CHEESE_receipt_00489_1": 0.16666666666666666, "26_DEL_receipt_00489_1": 0.0, "0_VOTRE_283_2": 0.0, "1_VISITE_283_2": 0.0, "2_MERCI_283_2": 0.2, "3_DE_283_2": 0.0, "0_KEMBALI_receipt_00006_1": 1.0, "1_201_receipt_00006_1": 1.0, "2_TUNAI_receipt_00006_1": 0.2, "3_62,000_receipt_00006_1": 0.5, "4_GRAND_receipt_00006_1": 0.0, "5_TOTAL_receipt_00006_1": 0.8, "6_61,799_receipt_00006_1": 1.0, "7_TAX_receipt_00006_1": 0.0, "8_10.00_receipt_00006_1": 0.0, "9_%_receipt_00006_1": 3.0, "10_5,618_receipt_00006_1": 0.4, "11_TOTAL_receipt_00006_1": 0.0, "12_56,181_receipt_00006_1": 0.16666666666666666, "13_JERUK_receipt_00006_1": 0.2, "14_ES_receipt_00006_1": 1.0, "15_13.000_receipt_00006_1": 0.16666666666666666, "16_1_receipt_00006_1": 1.0, "17_13,000_receipt_00006_1": 0.16666666666666666, "18_TAHU_receipt_00006_1": 0.5, "19_BASO_receipt_00006_1": 0.25, "20_43,181_receipt_00006_1": 0.0, "21_1_receipt_00006_1": 2.0, "22_43,181_receipt_00006_1": 0.6666666666666666, "0_11000_receipt_00035_1": 0.0, "1_Kembalian_receipt_00035_1": 0.1111111111111111, "2_300000_receipt_00035_1": 0.0, "3_Tunai_receipt_00035_1": 0.2, "0_BIENTOT_331_2": 0.0, "0_Change:_receipt_00640_1": 0.14285714285714285, "1_1,000.00_receipt_00640_1": 0.5, "2_50,000.00_receipt_00640_1": 0.1111111111111111, "3_Paid:_receipt_00640_1": 0.2, "4_49,000.00_receipt_00640_1": 0.1111111111111111, "5_TOTAL:_receipt_00640_1": 0.16666666666666666, "6_4,454.55_receipt_00640_1": 0.375, "7_Tax_receipt_00640_1": 0.3333333333333333, "8_10.00%:_receipt_00640_1": 0.0, "9_45,545.45_receipt_00640_1": 0.2222222222222222, "10_Subtotal:_receipt_00640_1": 0.2222222222222222, "11_1_receipt_00640_1": 1.0, "12_medium_receipt_00640_1": 0.0, "13_tub_receipt_00640_1": 0.0, "14_49,000.0_receipt_00640_1": 0.125, "15_49,000.0_receipt_00640_1": 0.125, "0_ _receipt_00006_0": 2.0, "0_CROCS_X00016469676_0": 0.0, "1_300X17_X00016469676_0": 0.16666666666666666, "2_TUBES_X00016469676_0": 0.0, "3_4132_X00016469676_0": 0.0, "4_20.00_X00016469676_0": 0.0, "5_20.00_X00016469676_0": 0.0, "6_ITEM/DESC._X00016469676_0": 0.0, "7_RM(TOTAL)_X00016469676_0": 0.0, "8_U.PRICE_X00016469676_0": 0.0, "9_QTY_X00016469676_0": 1.0, "10_INVOICE_X00016469676_0": 0.0, "11_Tel:_X00016469676_0": 0.0, "12_07-8263254_X00016469676_0": 0.0, "13_Fax:_X00016469676_0": 0.0, "14_07-8266888_X00016469676_0": 0.2, "15_Pengerang,_X00016469676_0": 0.0, "16_81620_X00016469676_0": 0.0, "17_Johor._X00016469676_0": 0.16666666666666666, "18_No._X00016469676_0": 0.0, "19_343,_X00016469676_0": 0.0, "20_Sungai_X00016469676_0": 0.0, "21_Rengit,_X00016469676_0": 0.14285714285714285, "22_Jalan_X00016469676_0": 0.0, "23_Kurau,_X00016469676_0": 0.0, "24_)_X00016469676_0": 1.0, "25_S.H.H._X00016469676_0": 0.5, "26_MOTOR_X00016469676_0": 0.2, "27_SDN._X00016469676_0": 0.75, "28_BHD._X00016469676_0": 0.0, "29_tan_X00016469676_0": 0.0, "0_1_receipt_00090_0": 2.0, "1_28,000_receipt_00090_0": 0.16666666666666666, "2_28,000_receipt_00090_0": 0.16666666666666666, "0_*TOMATE_488_1": 0.2857142857142857, "1_CERISE_488_1": 0.0, "2_0.78\u20ac_488_1": 0.4, "3_*TABOULE_488_1": 0.25, "4_POULET_488_1": 0.0, "5_1.51\u20ac_488_1": 0.0, "6_*RADIS_488_1": 0.0, "7_ROSE_488_1": 0.0, "8_BOTTE_488_1": 0.0, "9_1.19\u20ac_488_1": 0.4, "10_*POINTE_488_1": 0.14285714285714285, "11_BRIE_488_1": 0.0, "12_60%MG_488_1": 0.6, "13_1.16\u20ac_488_1": 0.4, "14_*PARMIGIANO_488_1": 0.09090909090909091, "15_REGGIAN_488_1": 0.14285714285714285, "16_1.13\u20ac_488_1": 0.4, "17_MOUTARDE_488_1": 0.125, "18_ORIGINALE_488_1": 0.0, "19_*MAXI_488_1": 0.4, "20_NATUR.JACQUET_488_1": 0.15384615384615385, "21_1.04\u20ac_488_1": 0.4, "22_MAGRET_488_1": 0.16666666666666666, "23_CANARD_488_1": 0.0, "24_S/V_488_1": 0.6666666666666666, "25_8.80\u20ac_488_1": 0.6, "26_,,KRISPROLLS_488_1": 0.25, "27_400G_488_1": 0.5, "28_1.89\u20ac_488_1": 0.4, "29_*EMMENTAL_488_1": 0.3333333333333333, "30_RAPE_488_1": 0.0, "31_CRF_488_1": 0.0, "32_1.41\u20ac_488_1": 0.4, "33_*EAU_488_1": 0.25, "34_CRISTALINE_488_1": 0.0, "35_X6_488_1": 0.5, "36_1.08_488_1": 0.0, "37_3x_488_1": 1.0, "38_3.24\u20ac_488_1": 0.4, "39_DELP.4T_488_1": 0.0, "40_SF_488_1": 0.0, "41_NORVEGE_488_1": 0.2857142857142857, "42_7.41\u20ac_488_1": 0.6, "43_*BANANES_488_1": 0.0, "44_1.99\u20ac_488_1": 0.2, "45_*BAGUETTE_488_1": 0.1111111111111111, "46_PRECUITE_488_1": 0.125, "47_2x_488_1": 0.5, "48_1.26_488_1": 0.0, "49_2.52\u20ac_488_1": 0.4, "50_*BAGUETTE_488_1": 0.1111111111111111, "51_CARREFOUR_488_1": 0.0, "52_0.85\u20ac_488_1": 0.4, "53_VELOUTE_488_1": 0.0, "54_*8X125G_488_1": 0.2857142857142857, "55_NAT_488_1": 1.0, "56_1.75\u20ac_488_1": 0.4, "57_*4X_488_1": 1.0, "58_COQUILLE_488_1": 0.25, "59_S._488_1": 0.5, "60_JACQ_488_1": 0.75, "61_6.36\u20ac_488_1": 0.4, "0_110._X51005447844_2": 0.75, "1_00_X51005447844_2": 0.0, "2_TOTAL_X51005447844_2": 0.0, "3_RM_X51005447844_2": 0.0, "4_Rounding_X51005447844_2": 0.0, "5_Adjustment_X51005447844_2": 0.0, "6_RM_X51005447844_2": 0.0, "7_00_X51005447844_2": 0.0, "8_Sales_X51005447844_2": 0.0, "9_110._X51005447844_2": 0.25, "10_00_X51005447844_2": 0.0, "11_Total_X51005447844_2": 0.0, "12_RM_X51005447844_2": 0.0, "13_Charg_X51005447844_2": 0.2, "14_0.00_X51005447844_2": 0.0, "15_Service_X51005447844_2": 0.0, "16_RM_X51005447844_2": 0.0, "17_00_X51005447844_2": 0.0, "18_110._X51005447844_2": 0.25, "19_scount_X51005447844_2": 0.0, "20_Sub_X51005447844_2": 0.0, "21_Total_X51005447844_2": 0.0, "22_Bc_X51005447844_2": 0.0, "23_RM_X51005447844_2": 0.0, "24_3.0_X51005447844_2": 0.0, "25_0.00_X51005447844_2": 0.0, "26_00_X51005447844_2": 0.0, "27_Rice_X51005447844_2": 0.0, "28_Small_X51005447844_2": 0.4, "29_50_X51005447844_2": 0.0, "30_0.00_X51005447844_2": 0.0, "31_Rice_X51005447844_2": 0.0, "32_(B)_X51005447844_2": 0.3333333333333333, "0_QTE_199_0": 1.0, "1_MONTANT_199_0": 0.2857142857142857, "2_DESCRIPTION_199_0": 0.0, "3_:_199_0": 2.0, "4_Tel_199_0": 0.0, "5_LA_199_0": 0.0, "6_ROCHELLE_199_0": 0.0, "7_17000_199_0": 0.0, "8_PLACE_199_0": 0.0, "9_ROUGE_199_0": 0.0, "10_CDT_199_0": 1.0, "11_MOTTE_199_0": 0.0, "12_DISTRIBUTION_199_0": 0.0, "13_MONTER_199_0": 0.0, "14_SARL_199_0": 0.0, "0_item_receipt_00275_1": 0.5, "1_Total_receipt_00275_1": 0.0, "2_4_receipt_00275_1": 2.0, "3_Qty_receipt_00275_1": 0.6666666666666666, "4_Total_receipt_00275_1": 0.2, "5_4_receipt_00275_1": 1.0, "6_TOTAL_receipt_00275_1": 0.8, "7_TAX_receipt_00275_1": 0.0, "8_23,650_receipt_00275_1": 0.16666666666666666, "9_SERVICE_receipt_00275_1": 0.14285714285714285, "10_21,500_receipt_00275_1": 0.3333333333333333, "11_SUBTOTAL_receipt_00275_1": 0.0, "12_215,000_receipt_00275_1": 0.0, "0_A_187_2": 0.0, "1_BIENTOT_187_2": 0.0, "2_MERCI_187_2": 0.0, "3_DE_187_2": 0.0, "4_VOTRE_187_2": 0.0, "5_VISITE_187_2": 0.0, "6_24/02/2017_187_2": 0.0, "7_0018_187_2": 0.0, "8_001_187_2": 0.0, "9_12:57:04_187_2": 0.0, "10_000030_187_2": 0.0, "0_12,000_receipt_00092_0": 1.0, "0_12,000_receipt_00414_0": 0.0, "1_1_receipt_00414_0": 1.0, "2_12,000_receipt_00414_0": 0.0, "3_bluberry_receipt_00414_0": 0.0, "4_pastry_receipt_00414_0": 0.0, "0_ _receipt_00783_0": 1.0, "0_40,000_receipt_00369_1": 0.0, "1_CHANGE_receipt_00369_1": 0.0, "2_100,000_receipt_00369_1": 0.14285714285714285, "3_CASH_receipt_00369_1": 0.25, "4_2_receipt_00369_1": 1.0, "5_TOTAL_receipt_00369_1": 1.0, "6_ITEMS_receipt_00369_1": 1.0, "7_TOTAL_receipt_00369_1": 1.0, "8_60,000_receipt_00369_1": 0.0, "9_SALES_receipt_00369_1": 0.4, "10_SUB_receipt_00369_1": 1.0, "11_TOTAL_receipt_00369_1": 0.8, "12_60,000_receipt_00369_1": 0.0, "13_(L)_receipt_00369_1": 1.3333333333333333, "14_PEARL_receipt_00369_1": 0.2, "15_4,000_receipt_00369_1": 0.4, "16_1 x_receipt_00369_1": 0.6666666666666666, "17_MANGO_receipt_00369_1": 0.4, "18_(L)_receipt_00369_1": 1.0, "19_GT_receipt_00369_1": 1.0, "20_25,000_receipt_00369_1": 0.16666666666666666, "21_(L)_receipt_00369_1": 0.6666666666666666, "22_PEARL_receipt_00369_1": 0.2, "23_4,000_receipt_00369_1": 1.0, "24_1 x_receipt_00369_1": 0.6666666666666666, "25_HZ_receipt_00369_1": 1.0, "26_CHOCO_receipt_00369_1": 1.0, "27_(L)_receipt_00369_1": 1.0, "28_MT_receipt_00369_1": 1.0, "29_TOPPING_receipt_00369_1": 0.14285714285714285, "30_27,000_receipt_00369_1": 0.16666666666666666, "0_1_receipt_00707_0": 1.0, "1_TUNA_receipt_00707_0": 0.5, "2_DEL_receipt_00707_0": 1.0, "3_74,545_receipt_00707_0": 0.5, "4_1_receipt_00707_0": 3.0, "5_PAKET_receipt_00707_0": 0.6, "6_BER2_receipt_00707_0": 0.5, "7_UP1_receipt_00707_0": 0.6666666666666666, "8_CHEESE_receipt_00707_0": 0.3333333333333333, "9_ROLLS_receipt_00707_0": 0.8, "10_1_receipt_00707_0": 1.0, "11_6PCS_receipt_00707_0": 0.75, "12_30,000_receipt_00707_0": 0.5, "0_A_156_1": 0.0, "1_BIENTOT_156_1": 0.0, "2_VISITE_156_1": 0.0, "3_DE_156_1": 0.0, "4_VOTRE_156_1": 0.0, "5_MERCI_156_1": 0.2, "6_09/12/2016_156_1": 0.0, "7_19:39:38_156_1": 0.0, "8_000663_156_1": 0.0, "9_0001_156_1": 0.0, "10_004_156_1": 0.3333333333333333, "11_1.91\u20ac_156_1": 0.4, "12_EUR_156_1": 0.0, "13_BANCAIRE_156_1": 0.0, "14_EMV_156_1": 0.3333333333333333, "15_CARTE_156_1": 0.0, "16_1.91\u20ac_156_1": 0.4, "17_PAYER_156_1": 0.0, "18_TOTAL_156_1": 0.0, "19_A_156_1": 0.0, "20_(S)_156_1": 1.0, "21_ARTICLE_156_1": 0.0, "22_1.91\u20ac_156_1": 0.4, "23_PESTO_156_1": 0.0, "24_CRF_156_1": 0.3333333333333333, "25_CDM_156_1": 0.3333333333333333, "26_*SCE_156_1": 0.25, "27_MONTANT_156_1": 0.0, "28_QTE_156_1": 1.0, "29_DESCRIPTION_156_1": 0.0, "0_6,000_receipt_00157_1": 0.0, "1_CHANGE:_receipt_00157_1": 0.14285714285714285, "2_100,000_receipt_00157_1": 0.14285714285714285, "3_Cash:_receipt_00157_1": 0.4, "4_94,000_receipt_00157_1": 0.0, "5_Total:_receipt_00157_1": 0.0, "6_100%_receipt_00157_1": 0.25, "7_Less_receipt_00157_1": 0.5, "8_Ice_receipt_00157_1": 1.0, "9_@22,000_receipt_00157_1": 0.2857142857142857, "10_44,000_receipt_00157_1": 0.0, "11_2X_receipt_00157_1": 1.0, "12_S-Ovaltine_receipt_00157_1": 0.2, "13_Macchiat_receipt_00157_1": 0.0, "14_100%, Less_receipt_00157_1": 0.0, "15_Ice_receipt_00157_1": 0.6666666666666666, "16_2X_receipt_00157_1": 1.0, "17_S-Matcha_receipt_00157_1": 0.125, "18_50,000_receipt_00157_1": 0.16666666666666666, "19_Macchiato_receipt_00157_1": 0.2222222222222222, "20_@25,000_receipt_00157_1": 0.14285714285714285, "0_STATION_640_2": 0.0, "1_SERVICE_640_2": 0.0, "2_BIENTOT_640_2": 0.0, "3_A_640_2": 0.0, "4_MERCI_640_2": 0.0, "5_DE_640_2": 0.0, "6_VOTRE_640_2": 0.0, "7_CONFIANCE_640_2": 0.0, "8_CE_640_2": 0.0, "9_TICKET_640_2": 0.0, "10_DE_640_2": 0.0, "11_GARANTIE_640_2": 0.0, "12_VAUT_640_2": 0.0, "13_BON_640_2": 0.0, "14_00111_640_2": 0.0, "15_M09331_640_2": 0.16666666666666666, "16_C001_640_2": 0.25, "17_TO006_640_2": 0.4, "18_10:42:27_640_2": 0.0, "19_11/06/2017_640_2": 0.0, "20_5,50%_640_2": 0.2, "21_6,26_640_2": 0.25, "22_0,34_640_2": 0.25, "23_6,60_640_2": 0.25, "24_MT._640_2": 0.0, "25_MT._640_2": 1.0, "26_MT._640_2": 0.0, "27_CODE_640_2": 0.0, "28_TVA_640_2": 0.3333333333333333, "29_HT_640_2": 0.0, "30_TVA_640_2": 0.0, "31_TVA_640_2": 0.0, "0_5.150_receipt_00352_1": 0.0, "1_Tax_receipt_00352_1": 0.0, "2_Total_receipt_00352_1": 0.0, "3_SC_receipt_00352_1": 1.0, "4_1.500_receipt_00352_1": 0.0, "5_Qty:_receipt_00352_1": 0.0, "6_Subtotal_receipt_00352_1": 0.0, "7_50.000_receipt_00352_1": 0.0, "8_5_receipt_00352_1": 0.0, "9_TEA_receipt_00352_1": 0.0, "10_TAWAR_receipt_00352_1": 0.0, "11_6.000_receipt_00352_1": 0.0, "12_1_receipt_00352_1": 0.0, "0_Invite(s)_628_1": 0.0, "1_Societe_628_1": 0.0, "2_Nom_628_1": 0.0, "3_-_628_1": 2.0, "4_PRIX_628_1": 0.5, "5_NEIS_628_1": 0.25, "6_en_628_1": 0.0, "7_EURO_628_1": 0.25, "8_MERCI_628_1": 0.4, "9_DE_628_1": 1.0, "10_VOTRE_628_1": 0.4, "11_VISITE_628_1": 0.0, "12_Cle_628_1": 0.0, "13_127-Serv.:_628_1": 0.1, "14_1-CAISSE_628_1": 0.0, "15_1-NOTE_628_1": 0.16666666666666666, "16_000011/1_628_1": 0.125, "17_VENDREDI_628_1": 0.25, "18_03-03-2017_628_1": 0.0, "19_18:14:03_628_1": 0.0, "20_(A_628_1": 0.0, "21_EMPORTER)_628_1": 0.0, "22_20.00_628_1": 0.0, "23_10%._628_1": 0.5, "24_20.00_628_1": 0.0, "25_2.36_628_1": 0.25, "26_23.64_628_1": 0.0, "27_TUA_628_1": 0.3333333333333333, "0_produits_388_2": 0.0, "1_5%_388_2": 0.0, "2_Carrefou_388_2": 0.0, "3_0.08\u20ac_388_2": 0.4, "4_Details:_388_2": 0.0, "5_fidelite_388_2": 0.0, "6_compte_388_2": 0.0, "7_votre_388_2": 0.0, "8_Carrefour._388_2": 0.0, "9_8000.08\u20ac_388_2": 0.375, "10_sur_388_2": 0.0, "11_auriez_388_2": 0.0, "12_cumule_388_2": 0.0, "13_fidelite,_388_2": 0.0, "14_vous_388_2": 0.0, "15_aviez_388_2": 0.0, "16_la_388_2": 0.5, "17_carte_388_2": 0.0, "18_BANCAIRE_388_2": 0.0, "19_EUR_388_2": 0.0, "20_28.84\u20ac_388_2": 0.3333333333333333, "21_CARTE_388_2": 0.0, "22_EMV_388_2": 0.0, "23_(S)_388_2": 1.0, "24_28.84\u20ac_388_2": 0.3333333333333333, "25_ARTICLE_388_2": 0.0, "26_TOTAL_388_2": 0.0, "27_A_388_2": 0.0, "28_PAYER_388_2": 0.0, "29_18_388_2": 0.0, "30_1.91\u20ac_388_2": 0.4, "31_CRF_388_2": 0.0, "32_CDM_388_2": 0.6666666666666666, "33_*SCE_388_2": 0.25, "34_PESTO_388_2": 0.2, "35_*SCE_388_2": 0.0, "36_1.64\u20ac_388_2": 0.4, "37_BASILIC_388_2": 0.0, "0_0.10_752_1": 0.25, "1_\u20ac_752_1": 0.0, "2_AVEC_752_1": 0.25, "3_LA_752_1": 0.0, "4_CARTE_752_1": 0.0, "5_AURIEZ_752_1": 0.16666666666666666, "6_OBTENU_752_1": 0.0, "7_/_752_1": 0.0, "8_Taux_752_1": 0.0, "9_11_752_1": 1.0, "10_5,5%_752_1": 1.0, "11_Reduit_752_1": 0.0, "12_0,70_752_1": 0.25, "13_=_752_1": 1.0, "14_\u20ac_752_1": 0.0, "15_CARTE_752_1": 0.0, "16_BANCAIRE_752_1": 0.0, "17_EUR_752_1": 0.0, "18_13,52_752_1": 0.2, "19_\u20ac_752_1": 0.0, "20_TOTAL._752_1": 0.16666666666666666, "21_Article(s)_752_1": 0.0, "22_7_752_1": 1.0, "23_13,52_752_1": 0.8, "24_\u20ac_752_1": 0.0, "25_PATE_752_1": 0.0, "26_BRISEE_752_1": 0.0, "27_AU_752_1": 0.0, "28_GEURRE_752_1": 0.16666666666666666, "29_U_752_1": 1.0, "30_230G_752_1": 0.25, "31_0,97_752_1": 0.25, "32_\u20ac_752_1": 0.0, "33_TRAITEUR_752_1": 0.0, "34_>>>>_752_1": 0.0, "35_LS_752_1": 0.5, "36_UVCI_752_1": 1.0, "37_CR.FRAICHE_752_1": 0.0, "38_EP.30%_752_1": 0.0, "39_YOPLAIT_752_1": 0.2857142857142857, "40_480G_752_1": 0.25, "41_1,74_752_1": 0.25, "42_\u20ac_752_1": 0.0, "43_>>>_752_1": 1.3333333333333333, "44_ULTRA_752_1": 0.4, "45_FRAIS_752_1": 0.0, "46_JUS_752_1": 1.0, "47_ABC_752_1": 0.3333333333333333, "48_POMME_752_1": 0.6, "49_U_752_1": 3.0, "50_DRIQUE_752_1": 0.5, "51_1L_752_1": 0.5, "52_\u20ac_752_1": 0.0, "53_0,93_752_1": 0.25, "54_>>>>_752_1": 0.0, "55_NECTARS_752_1": 0.0, "56_ET_752_1": 0.0, "57_JUS_752_1": 1.3333333333333333, "58_BANANE_752_1": 0.0, "59_CAVENDISH_752_1": 0.0, "60_BIO_752_1": 0.6666666666666666, "61_P/PRIX_752_1": 0.0, "62_1,80_752_1": 0.25, "63_\u20ac_752_1": 0.0, "64_>>>>>_752_1": 0.2, "65_FRUITS_752_1": 0.0, "66_MAIS_752_1": 0.5, "67_SOUF._752_1": 0.2, "68_CACAHU.MENGUY'S_752_1": 0.13333333333333333, "69_250G_752_1": 0.25, "70_2.32_752_1": 0.25, "71_\u20ac_752_1": 0.0, "72_PRODUITS_752_1": 0.0, "73_>>>>_752_1": 0.0, "74_SALES_752_1": 0.0, "75_POUR_752_1": 0.0, "76_APE_752_1": 0.3333333333333333, "0_CHANGE DUE_receipt_00304_1": 0.1, "1_15,000_receipt_00304_1": 0.16666666666666666, "2_CASHIDR_receipt_00304_1": 0.14285714285714285, "3_50,000_receipt_00304_1": 0.16666666666666666, "4_GRAND TOTAL_receipt_00304_1": 0.09090909090909091, "5_35,000_receipt_00304_1": 0.0, "6_SUB_receipt_00304_1": 1.0, "7_TOTAL_receipt_00304_1": 0.0, "8_35,000_receipt_00304_1": 0.0, "9_x_receipt_00304_1": 0.0, "10_1_receipt_00304_1": 1.0, "11_5,000_receipt_00304_1": 0.0, "12_5,000_receipt_00304_1": 0.2, "13_*ADES300ML*_receipt_00304_1": 0.0, "14_x_receipt_00304_1": 0.0, "15_1_receipt_00304_1": 2.0, "16_0_receipt_00304_1": 1.0, "17_0_receipt_00304_1": 0.0, "0_:_558_0": 2.0, "1_Tel_558_0": 0.0, "2_LA_558_0": 0.0, "3_ROCHELLE_558_0": 0.0, "4_17000_558_0": 0.0, "5_3/5_558_0": 0.6666666666666666, "6_RUE_558_0": 0.0, "7_CORDOUAN_558_0": 0.0, "8_DE_558_0": 0.0, "9_ROCHELLE/CRD_558_0": 0.0, "10_CRF-CITY_558_0": 0.0, "11_LA_558_0": 1.0, "0_fidelite._624_2": 0.0, "1_Vair_624_2": 0.25, "2_de_624_2": 0.0, "3_conditions_624_2": 0.1, "4_a_624_2": 1.0, "5_l'accueil._624_2": 0.2, "6_nagasins_624_2": 0.25, "7_participant_624_2": 0.0, "8_dans_624_2": 0.0, "9_tous_624_2": 0.0, "10_les_624_2": 0.0, "11_programme_624_2": 0.1111111111111111, "12_U_624_2": 1.0, "13_au_624_2": 1.0, "14_le_624_2": 0.5, "15_lendenain,_624_2": 0.1, "16_presentation_624_2": 0.08333333333333333, "17_sur_624_2": 0.0, "18_de_624_2": 0.0, "19_votre_624_2": 0.0, "20_U,_624_2": 1.0, "21_Carte_624_2": 0.0, "22_Carte_624_2": 0.0, "23_U_624_2": 1.0, "24_jour,_624_2": 0.2, "25_Les_624_2": 0.0, "26_obtenus_624_2": 0.0, "27_ce_624_2": 0.5, "28_seront_624_2": 0.0, "29_e_624_2": 1.0, "30_valoir_624_2": 0.0, "31_des_624_2": 0.0, "32_VOTRE_624_2": 0.4, "33_NOUVEAU_624_2": 0.0, "34_SOLDE_624_2": 0.0, "35_CARTE_624_2": 0.0, "36_U_624_2": 2.0, "37_6,49_624_2": 0.5, "38_CARTE_624_2": 0.0, "39_UBTENUS_624_2": 0.0, "40_U_624_2": 1.0, "41_0,10_624_2": 0.25, "42_VOTRE_624_2": 0.0, "43_SOLDE_624_2": 0.0, "44_CARTE_624_2": 0.2, "45_PRECEDENT_624_2": 0.0, "46_U_624_2": 1.0, "47_6,39_624_2": 0.25, "48_MONTANT_624_2": 0.14285714285714285, "49_ACHATS_624_2": 0.0, "50_22,26_624_2": 0.4, "51_\u20ac_624_2": 0.0, "52_0.10_624_2": 0.0, "53_GRACE_624_2": 0.0, "54_A_624_2": 1.0, "55_VOTRE_624_2": 0.0, "56_AVANTAGE_624_2": 0.25, "57_VISITE_624_2": 0.0, "58_0,10_624_2": 0.25, "59_\u20ac_624_2": 0.0, "60_\u20ac_624_2": 0.0, "61_CARTE_624_2": 0.0, "62_VOS_624_2": 1.0, "63_ACHAT_624_2": 0.0, "64_\u20ac_624_2": 1.0, "65_U_624_2": 1.0, "66_8939XXXXX26753_624_2": 0.35714285714285715, "67_CARTE_624_2": 0.0, "68_MAGASIN_624_2": 0.14285714285714285, "69_CODE_624_2": 0.75, "70_90130_624_2": 0.0, "0_SUBTOTAL_receipt_00032_0": 0.875, "1_36,000_receipt_00032_0": 1.0, "2_1_receipt_00032_0": 1.0, "3_Ketoprak_receipt_00032_0": 0.625, "4_36,000_receipt_00032_0": 0.8333333333333334, "0_Bancaires_596_1": 0.0, "1_\u20ac_596_1": 0.0, "2_Cartes_596_1": 0.0, "3_3,90_596_1": 0.25, "4_ARTICLE_596_1": 0.0, "5_TOTAL_596_1": 0.0, "6_A_596_1": 0.0, "7_PAYER_596_1": 0.0, "8_3,90_596_1": 0.25, "9_Total_596_1": 0.0, "10_Non_596_1": 0.0, "11_Alimentaire_596_1": 0.0, "12_3,90_596_1": 0.0, "13_INST_596_1": 0.0, "14_20X30_596_1": 0.0, "15_ONTANT_596_1": 0.0, "0_DESCRIPTION_302_0": 0.2727272727272727, "1_QTE_302_0": 1.0, "2_:_302_0": 1.0, "3_Tel_302_0": 0.0, "4_17000_302_0": 0.0, "5_ROCHELLE_302_0": 0.0, "6_LA_302_0": 0.5, "7_DE_302_0": 0.0, "8_33_302_0": 0.0, "9_RUE_302_0": 1.0, "10_LA_302_0": 0.0, "11_SCIERIE_302_0": 0.14285714285714285, "12_CRF-CITY_302_0": 0.0, "13_ROCHELLE_302_0": 0.0, "14_LA_302_0": 1.0, "0_178,200_receipt_00070_1": 0.42857142857142855, "1_TOTAL_receipt_00070_1": 0.0, "2_16,200_receipt_00070_1": 0.0, "3_TAX_receipt_00070_1": 0.0, "4_12,000_receipt_00070_1": 0.16666666666666666, "5_Charge_receipt_00070_1": 0.16666666666666666, "6_Service_receipt_00070_1": 0.0, "7_150,000_receipt_00070_1": 0.14285714285714285, "8_SUBTTL_receipt_00070_1": 0.16666666666666666, "9_150,000_receipt_00070_1": 0.8571428571428571, "10_KIDS_receipt_00070_1": 0.0, "11_MEAL_receipt_00070_1": 0.0, "12_SMALL_receipt_00070_1": 0.0, "13_BILLY_receipt_00070_1": 0.0, "14_BROWN_receipt_00070_1": 0.0, "15_75,000_receipt_00070_1": 0.0, "16_TREASURE_receipt_00070_1": 0.125, "17_PIRATES_receipt_00070_1": 0.0, "18_1_receipt_00070_1": 1.0, "19_PINK_receipt_00070_1": 0.25, "20_ZIGZAG_receipt_00070_1": 0.16666666666666666, "21_IZZY_receipt_00070_1": 1.0, "22_75,000_receipt_00070_1": 0.0, "23_CAPTAIN_receipt_00070_1": 0.0, "24_HOOK_receipt_00070_1": 0.0, "25_1_receipt_00070_1": 0.0, "0_ _receipt_00299_0": 4.0, "0_securite:_812_3": 0.0, "1_Sceau_812_3": 0.0, "2_de_812_3": 0.0, "3_F42232BC_812_3": 0.125, "4_Echange_812_3": 0.0, "5_jours_812_3": 0.0, "6_sous_812_3": 0.25, "7_avec_812_3": 0.0, "8_ticket._812_3": 0.0, "9_8_812_3": 0.0, "10_au_812_3": 0.5, "0_A_414_2": 0.0, "1_BIENTOT_414_2": 0.0, "2_MERCI_414_2": 0.0, "3_DE_414_2": 0.0, "4_VOTRE_414_2": 0.0, "5_VISITE_414_2": 0.0, "6_0003_414_2": 0.0, "7_002_414_2": 0.0, "8_000324_414_2": 0.0, "9_12/11/2016_414_2": 0.0, "10_14:27:16_414_2": 0.0, "0_OFFLINE_receipt_00332_1": 0.0, "1_MFGA_receipt_00332_1": 0.25, "2_EFT:_receipt_00332_1": 0.0, "3_60,523_receipt_00332_1": 0.0, "4_TOTAL:_receipt_00332_1": 0.0, "5_60,523_receipt_00332_1": 0.0, "6_SUBTOTAL:_receipt_00332_1": 0.0, "7_60,523_receipt_00332_1": 0.3333333333333333, "8_MEGA_receipt_00332_1": 0.0, "9_Discount_receipt_00332_1": 0.0, "10_595-_receipt_00332_1": 0.0, "11_KERUPUK_receipt_00332_1": 0.0, "12_KERING_receipt_00332_1": 0.16666666666666666, "13_11,900_receipt_00332_1": 0.0, "14_1X_receipt_00332_1": 1.5, "15_11,900_receipt_00332_1": 0.0, "16_MEGA_receipt_00332_1": 0.5, "17_Discount_receipt_00332_1": 0.0, "18_1,301 -_receipt_00332_1": 0.42857142857142855, "19_FILLET_receipt_00332_1": 0.0, "20_DORI_receipt_00332_1": 0.5, "21_26,019_receipt_00332_1": 0.0, "22_0.354X_receipt_00332_1": 0.16666666666666666, "23_73,500_receipt_00332_1": 0.0, "24_CF_receipt_00332_1": 0.5, "25_BBQ_receipt_00332_1": 0.3333333333333333, "26_CHKN_receipt_00332_1": 0.0, "27_WING_receipt_00332_1": 0.25, "28_15,000_receipt_00332_1": 0.0, "29_1X_receipt_00332_1": 1.0, "30_15,000_receipt_00332_1": 0.0, "0_CHANGED_receipt_00060_1": 0.14285714285714285, "1_0_receipt_00060_1": 1.0, "2_CASH_receipt_00060_1": 0.0, "3_161.000_receipt_00060_1": 0.14285714285714285, "4_TOTAL_receipt_00060_1": 0.2, "5_161.000_receipt_00060_1": 0.0, "6_1_receipt_00060_1": 2.0, "7_Nerds_receipt_00060_1": 0.2, "8_Watermelon_receipt_00060_1": 0.1, "9_42.000_receipt_00060_1": 0.0, "10_1_receipt_00060_1": 1.0, "11_Nerds_receipt_00060_1": 0.0, "12_Trop_receipt_00060_1": 0.5, "13_Punch_receipt_00060_1": 0.2, "14_42.000_receipt_00060_1": 0.16666666666666666, "15_1_receipt_00060_1": 1.0, "16_Nerds_receipt_00060_1": 0.2, "17_Strw_receipt_00060_1": 0.25, "18_Grape_receipt_00060_1": 0.4, "19_42.000_receipt_00060_1": 0.3333333333333333, "20_1_receipt_00060_1": 1.0, "21_Pocky_receipt_00060_1": 0.0, "22_Chocolate_receipt_00060_1": 0.3333333333333333, "23_20.000_receipt_00060_1": 0.3333333333333333, "24_1_receipt_00060_1": 1.0, "25_Mineral_receipt_00060_1": 0.14285714285714285, "26_Water_receipt_00060_1": 0.0, "27_(S)_receipt_00060_1": 0.3333333333333333, "28_15.000_receipt_00060_1": 0.0, "0_BIENTOT_276_1": 0.0, "1_MERCI_276_1": 0.0, "2_DE_276_1": 0.0, "3_VOTRE_276_1": 0.0, "4_VISITE_276_1": 0.0, "5_0005_276_1": 0.25, "6_002_276_1": 0.0, "7_11/07/2017_276_1": 0.0, "8_000060_276_1": 0.0, "9_07:49:08_276_1": 0.0, "10_CB_276_1": 0.0, "11_EMV_276_1": 0.0, "12_SANS_276_1": 0.0, "13_CONTACT_276_1": 0.0, "14_6.90\u20ac_276_1": 0.4, "15_EUR_276_1": 0.0, "16_ARTICLE_276_1": 0.0, "17_PAYER_276_1": 0.0, "18_(S)_276_1": 1.0, "19_6_276_1": 0.0, "20_TOTAL_276_1": 0.0, "21_A_276_1": 0.0, "22_6.90\u20ac_276_1": 0.4, "23_*CHOCOLATINE_276_1": 0.0, "24_X_276_1": 1.0, "25_2_276_1": 0.0, "26_2x_276_1": 1.0, "27_1.30_276_1": 0.0, "28_2.60\u20ac_276_1": 0.4, "29_*BAGUETTE_276_1": 0.1111111111111111, "30_250G_276_1": 0.25, "31_3x_276_1": 1.0, "32_0.84_276_1": 0.5, "33_2.52\u20ac_276_1": 0.4, "34_*350G_276_1": 0.4, "35_COULOMMIE.CRF_276_1": 0.07692307692307693, "36_1.78\u20ac_276_1": 0.4, "0_4741A_781_2": 0.2, "1_Code_781_2": 0.25, "2_1iol.fr_781_2": 0.42857142857142855, "3_produits_781_2": 0.0, "4_:_781_2": 1.0, "5_conditions_781_2": 0.0, "6_et_781_2": 0.0, "7_cnibles_781_2": 0.42857142857142855, "8_detachees_781_2": 0.1111111111111111, "9_di_781_2": 0.0, "10_Pieces_781_2": 0.3333333333333333, "11_may_781_2": 0.3333333333333333, "12_voir_781_2": 0.0, "13_ions_781_2": 0.25, "14_condi_781_2": 0.0, "15_en_781_2": 0.0, "16_15._781_2": 0.6666666666666666, "17_pendant_781_2": 0.0, "18_marchardises_781_2": 0.0, "19_mois_781_2": 0.0, "20_un_781_2": 0.0, "21_Retour_781_2": 0.0, "22_prix_781_2": 0.0, "23_LIDL,_781_2": 0.0, "24_des_781_2": 0.0, "25_bonnes_781_2": 0.0, "26_choses_781_2": 0.0, "27_le_781_2": 0.0, "28_vrai_781_2": 0.25, "29_VOEUX_781_2": 0.0, "30_POUR_781_2": 0.0, "31_2017_781_2": 0.0, "32_!_781_2": 0.0, "33_MEILLEURS_781_2": 0.1111111111111111, "34_173220/02_781_2": 0.1111111111111111, "35_07.0..17_781_2": 0.125, "36_0538_781_2": 0.0, "0_50,000_receipt_00246_1": 0.0, "1_CASH_receipt_00246_1": 0.0, "0_DESCRIPTION_307_0": 0.0, "1_QTE_307_0": 1.0, "2_MONTANT_307_0": 0.2857142857142857, "3_Tel_307_0": 0.0, "4_17000_307_0": 0.0, "5_LA_307_0": 0.0, "6_ROCHELLE_307_0": 0.0, "7_RUE_307_0": 0.0, "8_33_307_0": 0.0, "9_DE_307_0": 0.0, "10_LA_307_0": 0.0, "11_SCIERIE_307_0": 0.0, "12_CRF-CITY_307_0": 0.0, "13_ROCHELLE_307_0": 0.0, "14_LA_307_0": 0.5, "0_3,30_754_1": 0.25, "1_SPECIALITE_754_1": 0.2, "2_FIGUES_754_1": 0.0, "3_3,60e_754_1": 0.6, "4_7,20_754_1": 1.0, "5_2_754_1": 0.0, "6_X_754_1": 1.0, "7_THON_754_1": 0.75, "8_GERMON_754_1": 0.0, "9_AU_754_1": 1.0, "10_NATUREL_754_1": 0.0, "11_132G_754_1": 0.25, "12_3,20_754_1": 0.0, "13_TOFU_754_1": 0.0, "14_AU_754_1": 1.0, "15_TAMARI_754_1": 0.16666666666666666, "16_9,10_754_1": 0.25, "17_BOUILLON_754_1": 0.0, "18_POUDRE_754_1": 0.16666666666666666, "19_SANS_754_1": 0.0, "20_LEVURE_754_1": 0.0, "21_5,15_754_1": 0.0, "22_BIO_754_1": 0.0, "23_TAMARI_754_1": 0.16666666666666666, "24_250ML_754_1": 0.0, "25_4,90_754_1": 0.0, "26_FUSILLI_754_1": 0.0, "27_SARRASIN_754_1": 0.0, "28_4,20_754_1": 0.25, "29_GOURDE_754_1": 0.0, "30_YAOURT_754_1": 0.0, "31_4,25_754_1": 0.25, "32_MADELEINE_754_1": 0.0, "33_AMANDE_754_1": 0.0, "34_SS_754_1": 1.0, "35_GLUT_754_1": 0.0, "36_4,20_754_1": 0.0, "37_GOURDE_754_1": 0.0, "38_YAOURT_754_1": 0.0, "39_3,00_754_1": 0.0, "40_FLOCONS_754_1": 0.0, "41_DE_754_1": 0.0, "42_SARRASIN_754_1": 0.0, "43_POCHE_754_1": 0.0, "44_3,95_754_1": 0.75, "45_GOURDE_754_1": 0.0, "46_POMME_754_1": 0.0, "47_FRAMBOISE_754_1": 0.1111111111111111, "48_BANANE_754_1": 0.0, "49_1,10R_754_1": 0.2, "50_DESSERT_754_1": 0.0, "51_BREBIS_754_1": 0.0, "52_VANILLE_754_1": 0.0, "53_BERGERI_754_1": 0.14285714285714285, "54_1,10e_754_1": 0.4, "55_2,20_754_1": 0.25, "56_X_754_1": 0.0, "57_2_754_1": 1.0, "0_3_receipt_00142_1": 1.0, "1_PCS_receipt_00142_1": 0.0, "2_3_receipt_00142_1": 2.0, "3_0_receipt_00142_1": 1.0, "4_DUE_receipt_00142_1": 0.0, "5_1_receipt_00142_1": 1.0, "6_19,500_receipt_00142_1": 0.0, "7_Pillow_receipt_00142_1": 0.0, "8_Kombi_receipt_00142_1": 0.0, "9_1_receipt_00142_1": 1.0, "10_Pillow_receipt_00142_1": 0.0, "11_18,000_receipt_00142_1": 0.0, "12_Cheese_receipt_00142_1": 0.0, "13_1_receipt_00142_1": 1.0, "14_Pillow_receipt_00142_1": 0.0, "15_18,000_receipt_00142_1": 0.0, "16_Choco_receipt_00142_1": 0.2, "0_Vous_500_1": 0.0, "1_remercie_500_1": 0.0, "2_de_500_1": 0.0, "3_votre_500_1": 0.0, "4_visite_500_1": 0.0, "5_CARREFOUR_500_1": 0.0, "6_MARKET_500_1": 0.0, "7_AYTRE_500_1": 0.0, "8_echange_500_1": 0.0, "9_repris_500_1": 0.0, "10_Solde_500_1": 0.0, "11_ni_500_1": 0.0, "12_ni_500_1": 0.0, "13_003_500_1": 0.0, "14_000575_500_1": 0.0, "15_14/03/2017_500_1": 0.0, "16_0113_500_1": 0.0, "17_19:04:53_500_1": 0.125, "18_Votre_500_1": 0.0, "19_Monnaie_500_1": 0.0, "20_-7.61\u20ac_500_1": 0.3333333333333333, "21_ESPECES_500_1": 0.0, "22_10.00\u20ac_500_1": 0.3333333333333333, "23_EUR_500_1": 0.0, "24_ARTICLE(S)_500_1": 0.0, "25_2_500_1": 0.0, "26_TOTAL_500_1": 0.0, "27_A_500_1": 0.0, "28_PAYER_500_1": 0.0, "29_2.39\u20ac_500_1": 0.4, "30_TOTAL_500_1": 0.0, "31_ALIMENTAIRE_500_1": 0.2727272727272727, "32_2.39\u20ac_500_1": 0.4, "33_*EMPRESURE_500_1": 0.2, "34_CHOCOLAT_500_1": 0.0, "35_1.66\u20ac_500_1": 0.4, "36_0.73\u20ac_500_1": 0.4, "37_*8_500_1": 0.5, "38_FEUIL.BRICK_500_1": 0.09090909090909091, "39_CRF_500_1": 0.0, "0_(S)_516_2": 1.0, "1_41.36\u20ac_516_2": 0.3333333333333333, "2_26_516_2": 0.5, "3_ARTICLE_516_2": 0.0, "4_TOTAL_516_2": 0.0, "5_A_516_2": 0.0, "6_PAYER_516_2": 0.0, "7_TOTAL_516_2": 0.0, "8_DES_516_2": 0.0, "9_AVANTAGES_516_2": 0.2222222222222222, "10_DU_516_2": 1.0, "11_JOUR_516_2": 0.0, "12_-3.33\u20ac_516_2": 0.3333333333333333, "13_REMISES_516_2": 0.0, "14_IMMEDIATES_516_2": 0.3, "15_-3.33\u20ac_516_2": 1.0, "16_TOTAL_516_2": 0.0, "17_ARTICLE_516_2": 0.0, "18_(S)_516_2": 1.0, "19_44.69\u20ac_516_2": 0.3333333333333333, "20_26_516_2": 0.5, "21_TOTAL_516_2": 0.0, "22_AVANT_516_2": 0.2, "23_RENISES_516_2": 0.14285714285714285, "24_/_516_2": 1.0, "25_/_516_2": 1.0, "26_1.78\u20ac_516_2": 0.4, "27_TOTAL_516_2": 0.0, "28_BEAUTE_516_2": 0.0, "29_SANTE_516_2": 0.0, "30_HYGIENE_516_2": 0.14285714285714285, "31_LING.BB_516_2": 0.0, "32_1.78\u20ac_516_2": 0.4, "33_72X_516_2": 0.3333333333333333, "34_LAIT_516_2": 0.0, "35_ALIMENTAIRE_516_2": 0.18181818181818182, "36_39.58\u20ac_516_2": 0.3333333333333333, "37_TOTAL_516_2": 0.8, "38_1.45\u20ac_516_2": 0.4, "39_TUP_516_2": 1.0, "40_CHOCO-CARAMEL_516_2": 0.38461538461538464, "41_REMISE_516_2": 0.16666666666666666, "42_-1.45\u20ac_516_2": 0.3333333333333333, "0_applicable_X51005361950_1": 0.0, "1_returns_X51005361950_1": 0.0, "2_for_X51005361950_1": 0.0, "3_invoice_X51005361950_1": 0.0, "4_Keep_X51005361950_1": 0.0, "5_the_X51005361950_1": 0.0, "6_again_X51005361950_1": 0.0, "7_come_X51005361950_1": 0.0, "8_Please_X51005361950_1": 0.0, "9_You._X51005361950_1": 0.0, "10_Thank_X51005361950_1": 0.0, "11_.14_X51005361950_1": 0.3333333333333333, "12_2.36_X51005361950_1": 0.0, "13_6%_X51005361950_1": 0.5, "14_s=_X51005361950_1": 0.5, "15_Tax(RM)_X51005361950_1": 0.2857142857142857, "16_(RM)_X51005361950_1": 0.5, "17_Summary_X51005361950_1": 0.0, "18_Amount_X51005361950_1": 0.5, "19_GST_X51005361950_1": 0.3333333333333333, "20_2.50_X51005361950_1": 0.0, "21_RM_X51005361950_1": 0.5, "22_CHANGE_X51005361950_1": 0.0, "23_5.00_X51005361950_1": 0.0, "24_RM_X51005361950_1": 0.5, "25_CASH_X51005361950_1": 0.0, "26_2.50_X51005361950_1": 0.0, "27_RM_X51005361950_1": 0.5, "28_GST)_X51005361950_1": 0.5, "29_(Inclusive_X51005361950_1": 0.1, "30_Sales_X51005361950_1": 0.0, "31_Total_X51005361950_1": 0.0, "32_RM1.25_X51005361950_1": 0.16666666666666666, "33_s_X51005361950_1": 1.0, "34_74_X51005361950_1": 1.0, "35_(GREEN)_X51005361950_1": 0.0, "36_BAG_X51005361950_1": 0.0, "37_GARBAGE_X51005361950_1": 0.0, "38_1974_X51005361950_1": 0.0, "39_RM1.25_X51005361950_1": 0.5, "40_s_X51005361950_1": 1.0, "41_74C_X51005361950_1": 1.0, "42_(BLUE)_X51005361950_1": 0.0, "43_BAG_X51005361950_1": 0.0, "44_GARBAGE_X51005361950_1": 0.0, "45_1973_X51005361950_1": 0.0, "0_EUR_239_1": 0.0, "1_11.40\u20ac_239_1": 0.3333333333333333, "2_CARTE_239_1": 0.0, "3_BANCAIRE_239_1": 0.0, "4_EMV_239_1": 0.0, "5_11.40\u20ac_239_1": 0.3333333333333333, "6_(S)_239_1": 1.0, "7_TOTAL_239_1": 0.2, "8_A_239_1": 0.0, "9_PAYER_239_1": 0.0, "10_8_239_1": 0.0, "11_ARTICLE_239_1": 0.0, "12_3.09\u20ac_239_1": 0.2, "13_/_239_1": 1.0, "14_/_239_1": 1.0, "15_TOTAL_239_1": 0.0, "16_BEAUTE_239_1": 0.16666666666666666, "17_SANTE_239_1": 0.0, "18_HYGIENE_239_1": 0.2857142857142857, "19_3.09\u20ac_239_1": 0.4, "20_LABELLO_239_1": 0.14285714285714285, "21_CLASSIC_239_1": 0.0, "22_4.31\u20ac_239_1": 0.4, "23_TOTAL_239_1": 0.0, "24_ALINENTAIRE_239_1": 0.2727272727272727, "25_1.54\u20ac_239_1": 0.4, "26_TRANCH._239_1": 0.14285714285714285, "27_*LEERDAMMER_239_1": 0.18181818181818182, "28_0.18_239_1": 0.0, "29_0.46\u20ac_239_1": 0.4, "30_*CRISTALINE_239_1": 0.0, "31_1.5L_239_1": 0.0, "32_2x_239_1": 1.0, "33_1.31\u20ac_239_1": 0.4, "34_*BANANES_239_1": 0.0, "35_0.50_239_1": 0.0, "36_1.00\u20ac_239_1": 0.4, "37_250G_239_1": 0.25, "38_4x_239_1": 1.0, "39_*BAGUETTE_239_1": 0.2222222222222222, "40_4.10\u20ac_239_1": 0.4, "41_*240G_239_1": 0.4, "42_JBON_239_1": 0.0, "43_CUIT_239_1": 1.0, "44_DD_239_1": 1.0, "0_-3,000_receipt_00505_0": 0.16666666666666666, "1_DISC_receipt_00505_0": 0.0, "2_ITEM_receipt_00505_0": 0.75, "3_-30.000%_receipt_00505_0": 0.125, "4_MACARONI_receipt_00505_0": 0.25, "5_10,000_receipt_00505_0": 0.0, "0_A_85_2": 0.0, "1_BIENTOT_85_2": 0.0, "2_MERCT_85_2": 0.0, "3_DE_85_2": 0.0, "4_VOTRE_85_2": 0.0, "5_VISITE_85_2": 0.0, "0_0009_192_1": 0.0, "1_18/01/2017_192_1": 0.0, "2_003_192_1": 0.0, "3_000338_192_1": 0.3333333333333333, "4_19:08:55_192_1": 0.0, "5_CARTE_192_1": 0.0, "6_BANCAIRE_192_1": 0.0, "7_EMV_192_1": 0.3333333333333333, "8_EUR_192_1": 0.0, "9_7.44\u20ac_192_1": 0.4, "10_ARTICLE_192_1": 0.0, "11_(S)_192_1": 0.6666666666666666, "12_4_192_1": 0.0, "13_TOTAL_192_1": 0.0, "14_A_192_1": 0.0, "15_PAYER_192_1": 0.0, "16_7.44\u20ac_192_1": 0.4, "17_CAISSE_192_1": 0.0, "18_*SAC_192_1": 0.25, "19_0.10\u20ac_192_1": 0.4, "20_0.310kg_192_1": 0.0, "21_2.30\u20ac/kg_192_1": 0.25, "22_x_192_1": 1.0, "23_*ENDIVES_192_1": 0.25, "24_0.71\u20ac_192_1": 0.4, "25_0.8210_192_1": 0.0, "26_x_192_1": 0.0, "27_2.29\u20ac_192_1": 0.4, "28_*BIO_192_1": 0.25, "29_BANANE_192_1": 0.0, "30_1.88\u20ac_192_1": 0.4, "31_*AVOCAT_192_1": 0.2857142857142857, "32_HAP_192_1": 0.3333333333333333, "33_X2_192_1": 0.5, "34_4.75\u20ac_192_1": 0.4, "0_(S)_136_1": 1.0, "1_10_136_1": 0.0, "2_ARTICLE_136_1": 0.0, "3_PAYER_136_1": 0.0, "4_TOTAL_136_1": 0.2, "5_A_136_1": 0.0, "6_18.48\u20ac_136_1": 0.3333333333333333, "7_SUCRE_136_1": 0.0, "8_POUDRE_136_1": 0.0, "9_1.56\u20ac_136_1": 0.4, "10_0.7000kg_136_1": 0.125, "11_x_136_1": 2.0, "12_2.95\u20ac/kg_136_1": 0.125, "13_POIRE_136_1": 0.0, "14_COMICE_136_1": 0.16666666666666666, "15_2.07\u20ac_136_1": 0.4, "16_MUESLI_136_1": 0.3333333333333333, "17_QUINOA_136_1": 0.0, "18_BIO_136_1": 0.0, "19_3.29\u20ac_136_1": 0.4, "20_KIRI_136_1": 0.25, "21_CREME_136_1": 0.2, "22_X_136_1": 0.0, "23_8_136_1": 0.0, "24_1.89\u20ac_136_1": 0.4, "25_CORDON_136_1": 0.16666666666666666, "26_BLEU_136_1": 0.0, "27_DINDE_136_1": 0.0, "28_1.49\u20ac_136_1": 0.6, "29_BISC.PT_136_1": 0.0, "30_DEJ.CRF_136_1": 0.0, "31_1.64\u20ac_136_1": 0.6, "32_BAGUETTE_136_1": 0.0, "33_250G_136_1": 0.25, "34_0.84e_136_1": 0.4, "35_740G_136_1": 0.25, "36_COMP.POMM._136_1": 0.3, "37_MCX_136_1": 0.6666666666666666, "38_2.20\u20ac_136_1": 0.4, "39_500G_136_1": 0.25, "40_PAIN_136_1": 0.5, "41_DE_136_1": 0.0, "42_MI_136_1": 1.0, "43_1.17\u20ac_136_1": 0.4, "44_1/2_136_1": 0.3333333333333333, "45_LUNE_136_1": 0.25, "46_AUB/MOZZA_136_1": 0.1111111111111111, "47_2.33\u20ac_136_1": 0.4, "0_DESCRIPTION_125_0": 0.18181818181818182, "1_QTE_125_0": 1.0, "2_MONTANT_125_0": 0.5714285714285714, "3_:_125_0": 1.0, "4_Tel_125_0": 0.3333333333333333, "5_17000_125_0": 0.0, "6_LA_125_0": 0.5, "7_ROCHELLE_125_0": 0.0, "8_33_125_0": 0.0, "9_RUE_125_0": 0.0, "10_DE_125_0": 0.0, "11_LA_125_0": 0.5, "12_SCIERIE_125_0": 0.14285714285714285, "13_CRF-CITY_125_0": 0.25, "14_LA_125_0": 0.5, "15_ROCHELLE_125_0": 0.0, "0_Total:_receipt_00613_0": 0.3333333333333333, "1_284,983_receipt_00613_0": 0.14285714285714285, "2_PHR_receipt_00613_0": 0.3333333333333333, "3_10%:_receipt_00613_0": 1.0, "4_25,908_receipt_00613_0": 0.3333333333333333, "5_Service_receipt_00613_0": 0.0, "6_7.5%:_receipt_00613_0": 0.8, "7_18,075_receipt_00613_0": 0.0, "8_Item_receipt_00613_0": 0.5, "9_Total:_receipt_00613_0": 0.0, "10_241,000_receipt_00613_0": 0.14285714285714285, "11_Ice_receipt_00613_0": 0.0, "12_Lemon_receipt_00613_0": 0.2, "13_36,000_receipt_00613_0": 0.5, "14_Tea_receipt_00613_0": 0.3333333333333333, "15_2_receipt_00613_0": 2.0, "16_18,000_receipt_00613_0": 0.0, "17_Steam_receipt_00613_0": 0.2, "18_Rice_receipt_00613_0": 0.0, "19_36,000_receipt_00613_0": 0.6666666666666666, "20_3_receipt_00613_0": 1.0, "21_12,000_receipt_00613_0": 0.0, "22_Hiong_receipt_00613_0": 0.6, "23_1_receipt_00613_0": 1.0, "24_Go_receipt_00613_0": 0.5, "25_65,000_receipt_00613_0": 0.16666666666666666, "26_62,000_receipt_00613_0": 0.3333333333333333, "27_1_receipt_00613_0": 1.0, "28_Mun_receipt_00613_0": 1.0, "29_Tofu_receipt_00613_0": 0.0, "30_Crispy_receipt_00613_0": 0.3333333333333333, "31_Egg_receipt_00613_0": 0.3333333333333333, "32_42,000_receipt_00613_0": 0.5, "33_1_receipt_00613_0": 1.0, "34_Corn_receipt_00613_0": 0.0, "0_ _receipt_00039_0": 3.0, "0_carte:_784_1": 0.0, "1_8506_784_1": 0.0, "2_N_784_1": 2.0, "3_..CB_784_1": 0.75, "4_E_784_1": 0.0, "5_AU_784_1": 0.0, "6_VERS0_784_1": 0.2, "7_FACTURE_784_1": 0.0, "8_VALANT_784_1": 0.0, "9_RECU_784_1": 0.0, "10_.22,30_784_1": 0.3333333333333333, "11_euros_784_1": 0.0, "12_TTC..._784_1": 1.0, "13_PRIX_784_1": 0.0, "14_.3,72_784_1": 0.6, "15_20,00%._784_1": 0.14285714285714285, "16_euros_784_1": 0.0, "17_TVA_784_1": 0.0, "18_.18,58_784_1": 1.0, "19_euros_784_1": 0.0, "20_PRIX_784_1": 0.0, "21_HT._784_1": 0.3333333333333333, "0_ _receipt_00059_0": 1.0, "0_MERCI_586_1": 0.0, "1_DE_586_1": 0.0, "2_VOTRE_586_1": 0.0, "3_VISITE_586_1": 0.0, "4_0001_586_1": 0.0, "5_001_586_1": 0.3333333333333333, "6_24/04/2017_586_1": 0.0, "7_19:09:26_586_1": 0.0, "8_000078_586_1": 0.0, "9_Votre_586_1": 0.0, "10_Monnaie_586_1": 0.0, "11_-0.16\u20ac_586_1": 0.3333333333333333, "12_EUR_586_1": 0.0, "13_ESPECES_586_1": 0.0, "14_6.50\u20ac_586_1": 0.0, "15_(S)_586_1": 0.3333333333333333, "16_2_586_1": 0.0, "17_ARTICLE_586_1": 0.0, "18_TOTAL_586_1": 0.0, "19_A_586_1": 0.0, "20_PAYER_586_1": 0.0, "21_6.34\u20ac_586_1": 0.4, "22_*PONELO_586_1": 0.2857142857142857, "23_BIO_586_1": 0.3333333333333333, "24_X2_586_1": 0.5, "25_3.50\u20ac_586_1": 0.4, "26_*BRK_586_1": 0.25, "27_1L_586_1": 0.5, "28_PJ_586_1": 1.0, "29_PRUNEAU_586_1": 0.14285714285714285, "30_2.84\u20ac_586_1": 0.4, "31_DESCRIPTION_586_1": 0.0, "32_QTE_586_1": 0.3333333333333333, "33_HONTANT_586_1": 0.14285714285714285, "0_TVA_793_1": 0.3333333333333333, "1_0,00_793_1": 0.25, "2_ESPECES_793_1": 0.0, "3_EUR_793_1": 0.0, "4_A_793_1": 0.0, "5_RENDRE_793_1": 0.0, "6_0,00_793_1": 0.25, "7_EUR_793_1": 0.0, "8_4,19_793_1": 0.5, "9_ELIGIBLE_793_1": 0.0, "10_TOTAL_793_1": 0.0, "11_TRD_793_1": 0.3333333333333333, "12_EUR_793_1": 0.0, "13_d'articles_793_1": 0.0, "14_vendus=_793_1": 0.14285714285714285, "15_4_793_1": 0.0, "16_Nombre_793_1": 0.0, "17_CB EMV_793_1": 0.0, "18_8,00_793_1": 0.5, "19_EUR_793_1": 0.0, "20_8,00_793_1": 0.0, "21_MONTANT_793_1": 0.0, "22_EUR_793_1": 0.0, "23_DU_793_1": 1.0, "24_2,01_793_1": 0.0, "25_GRUYERE_793_1": 0.0, "26_RA_793_1": 0.5, "27_EUR_793_1": 0.0, "28_A_793_1": 0.0, "29_ENTREMONT_793_1": 0.0, "30_2,76_793_1": 0.0, "31_EUR_793_1": 0.0, "32_A_793_1": 0.0, "33_MOISSON_793_1": 0.14285714285714285, "34_12_793_1": 0.0, "35_OEUFS_793_1": 0.0, "36_PA_793_1": 0.5, "37_TARTARE_793_1": 0.0, "38_2,18_793_1": 0.25, "39_AFH_793_1": 0.3333333333333333, "40_250G_793_1": 0.25, "41_EUR_793_1": 0.0, "42_A_793_1": 0.0, "43_1,05_793_1": 0.25, "44_EUR_793_1": 0.0, "45_A_793_1": 0.0, "46_COULIS_793_1": 0.0, "47_TOMATE_793_1": 0.0, "48_HEINZ_793_1": 0.0, "0_ _receipt_00106_0": 3.0, "0_CHANGE_receipt_00592_1": 0.0, "1_45.500_receipt_00592_1": 0.0, "2_BAYAR_receipt_00592_1": 0.0, "3_100.000_receipt_00592_1": 0.0, "4_TOTAL_receipt_00592_1": 0.0, "5_54,500_receipt_00592_1": 0.3333333333333333, "6_PB_receipt_00592_1": 0.0, "7_1_receipt_00592_1": 0.0, "8_4,955_receipt_00592_1": 0.6, "9_2.00xITEMS_receipt_00592_1": 0.1, "10_TEH/ES_receipt_00592_1": 0.0, "11_TEH_receipt_00592_1": 0.0, "12_MANIS_receipt_00592_1": 0.2, "13_7.727_receipt_00592_1": 0.4, "14_NB_receipt_00592_1": 0.0, "15_AYAM_receipt_00592_1": 0.25, "16_41.818_receipt_00592_1": 0.0, "0_25/03/2017_506_1": 0.0, "1_0113_506_1": 0.0, "2_005_506_1": 0.0, "3_000156_506_1": 0.0, "4_13:48:54_506_1": 0.0, "5_13.70\u20ac_506_1": 0.3333333333333333, "6_BANCAIRE_506_1": 0.0, "7_EMV_506_1": 0.0, "8_EUR_506_1": 0.0, "9_CARTE_506_1": 0.0, "10_ARTICLE_506_1": 0.0, "11_(S)_506_1": 1.0, "12_PAYER_506_1": 0.0, "13_13.70\u20ac_506_1": 0.3333333333333333, "14_4_506_1": 1.0, "15_TOTAL_506_1": 0.0, "16_A_506_1": 1.0, "17_ALINENTAIRE_506_1": 0.09090909090909091, "18_6.00\u20ac_506_1": 0.4, "19_NON_506_1": 0.6666666666666666, "20_TOTAL_506_1": 0.0, "21_TOP_506_1": 0.6666666666666666, "22_6.00\u20ac_506_1": 0.6, "23_X9_506_1": 0.5, "24_KENYA_506_1": 0.0, "25_ROSES_506_1": 0.0, "26_ALIMENTAIRE_506_1": 0.2727272727272727, "27_7.70\u20ac_506_1": 0.4, "28_TOTAL_506_1": 0.0, "29_1.74\u20ac_506_1": 0.4, "30_VRAC_506_1": 0.25, "31_*POHNE_506_1": 0.3333333333333333, "32_ARIANE_506_1": 0.16666666666666666, "33_MIE_506_1": 0.3333333333333333, "34_S/GL_506_1": 0.25, "35_4.70\u20ac_506_1": 0.4, "36_*400G_506_1": 0.2, "37_PAIN_506_1": 0.0, "38_1.26\u20ac_506_1": 0.4, "39_SABLES_506_1": 0.0, "40_NOISET_506_1": 0.16666666666666666, "41_1256_506_1": 0.25, "0_002_144_1": 0.0, "1_26/04/2016_144_1": 0.0, "2_12:49:54_144_1": 0.0, "3_0007_144_1": 0.0, "4_000277_144_1": 0.0, "5_CARTE_144_1": 0.0, "6_BANCAIRE_144_1": 0.0, "7_EMV_144_1": 0.0, "8_EUR_144_1": 0.0, "9_6.26\u20ac_144_1": 0.0, "10_3_144_1": 1.0, "11_(S)_144_1": 0.6666666666666666, "12_6.26\u20ac_144_1": 0.0, "13_ARTICLE_144_1": 0.0, "14_TOTAL_144_1": 0.0, "15_A_144_1": 0.0, "16_PAYER_144_1": 0.0, "17_0.6650kg_144_1": 0.125, "18_x_144_1": 0.0, "19_2.50\u20ac/kg_144_1": 0.125, "20_POMME_144_1": 0.4, "21_GOLDEN_144_1": 0.0, "22_GROSSE_144_1": 0.0, "23_1.66\u20ac_144_1": 0.4, "24_320G_144_1": 0.25, "25_SLDE_144_1": 0.0, "26_ROMA_144_1": 0.25, "27_JBN_144_1": 0.0, "28_4.14\u20ac_144_1": 0.4, "29_1.0222_144_1": 0.0, "30_0.45\u20ac_144_1": 0.4, "31_x_144_1": 0.0, "32_1/2_144_1": 0.3333333333333333, "33_BAGUETTE_144_1": 0.0, "34_1256_144_1": 0.0, "35_0.46\u20ac_144_1": 0.4, "0_CASH_receipt_00402_0": 0.25, "1_247,500_receipt_00402_0": 0.14285714285714285, "2_TOTAL_receipt_00402_0": 0.4, "3_1_receipt_00402_0": 1.0, "4_TAX_receipt_00402_0": 0.0, "5_22,500_receipt_00402_0": 0.3333333333333333, "6_10%_receipt_00402_0": 0.6666666666666666, "7_ST_receipt_00402_0": 0.5, "8_225,000_receipt_00402_0": 0.5714285714285714, "9_1.5_receipt_00402_0": 0.6666666666666666, "10_JAM_receipt_00402_0": 0.3333333333333333, "11_225,000_receipt_00402_0": 0.2857142857142857, "0_BIENTOT_44_1": 0.0, "1_MERCI_44_1": 0.0, "2_DE_44_1": 0.0, "3_VOTRE_44_1": 0.0, "4_VISITE_44_1": 0.0, "5_0009_44_1": 0.25, "6_004_44_1": 0.0, "7_000068_44_1": 0.16666666666666666, "8_23/02/2017_44_1": 0.0, "9_12:04:55_44_1": 0.0, "10_Votre_44_1": 0.0, "11_Monnaie_44_1": 0.0, "12_-16.26\u20ac_44_1": 0.2857142857142857, "13_ESPECES_44_1": 0.0, "14_EUR_44_1": 0.0, "15_20.00\u20ac_44_1": 0.3333333333333333, "16_ARTICLE_44_1": 0.0, "17_(S)_44_1": 0.3333333333333333, "18_TOTAL_44_1": 0.0, "19_A_44_1": 0.0, "20_PAYER_44_1": 0.0, "21_3.74\u20ac_44_1": 0.4, "22_*320G_44_1": 0.2, "23_SLDE_44_1": 0.0, "24_ROMA_44_1": 0.5, "25_JBN_44_1": 0.6666666666666666, "26_3.74\u20ac_44_1": 0.4, "0_ _receipt_00649_0": 2.0, "0_DESCRIPTION_515_0": 0.0, "1_QTE_515_0": 0.6666666666666666, "2_MONTANT_515_0": 0.2857142857142857, "3_Gargot_515_0": 0.0, "4_Aytre._515_0": 0.16666666666666666, "5_Rue_515_0": 0.0, "6_Nicolas_515_0": 0.0, "7_17440_515_0": 0.0, "8_Dimanche_515_0": 0.0, "9_9h_515_0": 0.5, "10_a_515_0": 0.0, "11_12h30_515_0": 0.0, "12_au_515_0": 0.0, "13_Lundi_515_0": 0.0, "14_Samedi_515_0": 0.0, "15_de_515_0": 0.0, "16_9h_515_0": 0.5, "17_a_515_0": 0.0, "18_20h00_515_0": 0.0, "19_:_515_0": 1.0, "20_0546457320_515_0": 0.0, "21_Tel_515_0": 0.0, "22_Carrefour_515_0": 0.0, "23_market_515_0": 0.0, "24_AYTRE_515_0": 0.0, "0_Total_receipt_00300_0": 0.0, "1_PB1_receipt_00300_0": 1.0, "2_10%_receipt_00300_0": 0.6666666666666666, "3_6.546_receipt_00300_0": 0.4, "4_Sub_receipt_00300_0": 1.0, "5_Total_receipt_00300_0": 0.2, "6_65.455_receipt_00300_0": 0.5, "7_6.364_receipt_00300_0": 0.8, "8_1_receipt_00300_0": 1.0, "9_6.364_receipt_00300_0": 0.6, "10_RICE_receipt_00300_0": 0.25, "11_59.091_receipt_00300_0": 0.3333333333333333, "12_1_receipt_00300_0": 1.0, "13_59.091_receipt_00300_0": 0.5, "14_PAKET_receipt_00300_0": 0.4, "15_SUPER_receipt_00300_0": 0.2, "16_MANTAP_receipt_00300_0": 1.0, "17_2A_receipt_00300_0": 1.0, "18_RAACHA_receipt_00300_0": 0.3333333333333333, "0_12.000_receipt_00756_0": 0.0, "1_Jus_receipt_00756_0": 0.3333333333333333, "2_Jeruk_receipt_00756_0": 0.2, "3_1_receipt_00756_0": 0.0, "4_10.000_receipt_00756_0": 0.0, "5_Nasi_receipt_00756_0": 0.0, "6_Putih_receipt_00756_0": 0.2, "7_2_receipt_00756_0": 0.0, "8_(_receipt_00756_0": 1.0, "9_)_receipt_00756_0": 1.0, "10_Asap_receipt_00756_0": 0.5, "11_30.000_receipt_00756_0": 0.0, "12_Lidah_receipt_00756_0": 0.4, "13_Sambal_receipt_00756_0": 0.3333333333333333, "14_Lu'at_receipt_00756_0": 0.0, "15_R_receipt_00756_0": 1.0, "16_1_receipt_00756_0": 1.0, "17_(R)_receipt_00756_0": 0.6666666666666666, "18_20.000_receipt_00756_0": 0.0, "19_Sapi_receipt_00756_0": 0.5, "20_Lu'at_receipt_00756_0": 0.0, "21_Sambal_receipt_00756_0": 0.16666666666666666, "22_1_receipt_00756_0": 0.0, "23_Se'i_receipt_00756_0": 0.25, "0_Monnaie_545_1": 0.0, "1_-3.30\u20ac_545_1": 0.3333333333333333, "2_Votre_545_1": 0.0, "3_10.00\u20ac_545_1": 0.3333333333333333, "4_EUR_545_1": 0.0, "5_ESPECES_545_1": 0.0, "6_ARTICLE_545_1": 0.0, "7_TOTAL_545_1": 0.0, "8_PAYER_545_1": 0.0, "9_(S)_545_1": 1.0, "10_A_545_1": 0.0, "11_6.70\u20ac_545_1": 0.4, "12_3.65\u20ac_545_1": 0.4, "13_*POULET_545_1": 0.14285714285714285, "14_CHAMP_545_1": 0.2, "15_NOIR_545_1": 0.25, "16_0.176kg_545_1": 0.0, "17_2.10\u20ac/kg_545_1": 0.25, "18_x_545_1": 0.0, "19_0.37\u20ac_545_1": 0.4, "20_*F_545_1": 1.0, "21_POMME_545_1": 0.4, "22_ROYAL_545_1": 0.0, "23_GALA_545_1": 0.0, "24_1.08\u20ac_545_1": 0.4, "25_*80G_545_1": 0.5, "26_CHOC_545_1": 0.75, "27_NOIR_545_1": 0.25, "28_80%_545_1": 0.3333333333333333, "29_1.60\u20ac_545_1": 0.4, "30_CAROTTE_545_1": 0.0, "31_RAPE_545_1": 0.0, "32_BI_545_1": 0.5, "33_*200G_545_1": 0.2, "0_GALBISAL_receipt_00701_0": 0.0, "1_YANGNYEOM_receipt_00701_0": 0.0, "2_PREMIUM_receipt_00701_0": 0.14285714285714285, "3_1_receipt_00701_0": 2.0, "4_250,000_receipt_00701_0": 0.0, "5_PEACH_receipt_00701_0": 0.2, "6_CHUM_receipt_00701_0": 0.0, "7_CHURUM_receipt_00701_0": 1.0, "8_1,200,000_receipt_00701_0": 1.0, "9_8_receipt_00701_0": 1.0, "10_CREAM_receipt_00701_0": 0.0, "11_TEOK_receipt_00701_0": 1.0, "12_PO_receipt_00701_0": 0.0, "13_KI_receipt_00701_0": 0.5, "14_1_receipt_00701_0": 0.0, "15_110,000_receipt_00701_0": 0.0, "16_MINERAL_receipt_00701_0": 1.0, "17_WATER_receipt_00701_0": 0.0, "18_1_receipt_00701_0": 1.0, "19_13,000_receipt_00701_0": 0.0, "20_*_receipt_00701_0": 1.0, "21_DAK_receipt_00701_0": 0.0, "22_GALBI_receipt_00701_0": 0.4, "23_CHULPAN_receipt_00701_0": 0.14285714285714285, "24_CHEESE_receipt_00701_0": 0.0, "25_1_receipt_00701_0": 1.0, "26_250,000_receipt_00701_0": 0.14285714285714285, "27_GONG_receipt_00701_0": 1.0, "28_GIBAB_receipt_00701_0": 1.0, "29_3_receipt_00701_0": 1.0, "30_60,000_receipt_00701_0": 0.16666666666666666, "31_CHAMISUL_receipt_00701_0": 0.0, "32_3_receipt_00701_0": 1.0, "33_450,000_receipt_00701_0": 0.0, "34_CHUM_receipt_00701_0": 0.0, "35_CHURUM_receipt_00701_0": 0.16666666666666666, "36_150,000_receipt_00701_0": 0.0, "37_1_receipt_00701_0": 0.0, "0_ _receipt_00784_0": 3.0, "0_BIENTOT_46_2": 0.0, "1_A_46_2": 0.0, "2_BIENTOT_46_2": 0.0, "3_DE_46_2": 0.0, "4_VISITE_46_2": 0.0, "5_VOTRE_46_2": 0.0, "6_0002_46_2": 0.75, "7_003_46_2": 0.0, "8_03/02/2017_46_2": 0.0, "9_000003_46_2": 0.8333333333333334, "10_12:09:54_46_2": 0.0, "11_produits_46_2": 0.0, "12_Remise_46_2": 0.0, "13_fide_46_2": 0.0, "14_0.45\u20ac_46_2": 0.4, "0_A_238_2": 0.0, "1_BIENTOT_238_2": 0.0, "2_Vous_238_2": 0.0, "3_remercie_238_2": 0.0, "4_de_238_2": 0.0, "5_votre_238_2": 0.0, "6_visite_238_2": 0.0, "7_CARREFOUR_238_2": 0.0, "8_MARKET_238_2": 0.0, "9_AYTRE_238_2": 0.0, "10_0123_238_2": 0.0, "11_002_238_2": 0.0, "12_20/09/2016_238_2": 0.1, "13_000597_238_2": 0.0, "14_19:14:59_238_2": 0.0, "0_DESCRIPTION_320_0": 0.0, "1_QTE_320_0": 1.0, "2_MONTANT_320_0": 0.2857142857142857, "3_:_320_0": 2.0, "4_Tel_320_0": 0.0, "5_17000_320_0": 0.0, "6_LA_320_0": 0.0, "7_ROCHELLE_320_0": 0.0, "8_33_320_0": 0.0, "9_RUE_320_0": 0.0, "10_DE_320_0": 0.0, "11_LA_320_0": 0.0, "12_SCIERIE_320_0": 0.14285714285714285, "13_CRF-CITY_320_0": 0.0, "14_LA_320_0": 0.0, "15_ROCHELLE_320_0": 0.0, "0_44,000_receipt_00654_0": 0.16666666666666666, "1_CHANGE DUE_receipt_00654_0": 0.1, "2_100,000_receipt_00654_0": 0.0, "3_CASH IDR_receipt_00654_0": 0.125, "4_GRAND TOTAL_receipt_00654_0": 0.09090909090909091, "5_56,000_receipt_00654_0": 0.16666666666666666, "6_SUB TOTAL_receipt_00654_0": 0.1111111111111111, "7_56,000_receipt_00654_0": 0.16666666666666666, "8_28,000_receipt_00654_0": 0.16666666666666666, "9_2_receipt_00654_0": 0.0, "10_56,000_receipt_00654_0": 0.16666666666666666, "0_TOTAL_receipt_00357_1": 1.0, "1_245.201_receipt_00357_1": 0.0, "2_PB1_receipt_00357_1": 1.0, "3_25.646_receipt_00357_1": 0.16666666666666666, "4_Service_receipt_00357_1": 0.2857142857142857, "5_Charge_receipt_00357_1": 0.0, "6_10.455_receipt_00357_1": 0.3333333333333333, "7_VIP_receipt_00357_1": 1.0, "8_15%_receipt_00357_1": 0.0, "9_Discount_receipt_00357_1": 0.0, "10_-36.900_receipt_00357_1": 0.14285714285714285, "11_SUB-TOTAL_receipt_00357_1": 0.1111111111111111, "12_246.000_receipt_00357_1": 0.14285714285714285, "13_1_receipt_00357_1": 0.0, "14_Iced_receipt_00357_1": 0.5, "15_Coffee_receipt_00357_1": 0.16666666666666666, "16_28.000_receipt_00357_1": 0.0, "17_Sparkling_receipt_00357_1": 0.0, "18_1_receipt_00357_1": 0.0, "19_Mango_receipt_00357_1": 0.0, "20_Mojito_receipt_00357_1": 0.3333333333333333, "21_65.000_receipt_00357_1": 0.16666666666666666, "22_1_receipt_00357_1": 0.0, "23_Iced_receipt_00357_1": 0.0, "24_Sugar_receipt_00357_1": 0.4, "25_Cane_receipt_00357_1": 0.25, "26_28.000_receipt_00357_1": 0.0, "27_Iced_receipt_00357_1": 0.5, "28_1_receipt_00357_1": 0.0, "29_Coffee_receipt_00357_1": 0.0, "30_Latte_receipt_00357_1": 0.0, "31_40.000_receipt_00357_1": 0.16666666666666666, "32_Whipping_receipt_00357_1": 0.5, "33_1_receipt_00357_1": 0.0, "34_Extra_receipt_00357_1": 0.0, "35_Cream_receipt_00357_1": 0.2, "36_10.000_receipt_00357_1": 0.0, "0_DESCRIPTION_289_0": 0.6363636363636364, "1_QTE_289_0": 1.0, "2_MONTANT_289_0": 0.2857142857142857, "3_:_289_0": 2.0, "4_Tel_289_0": 0.0, "5_17000_289_0": 0.0, "6_ROCHELLE_289_0": 0.0, "7_LA_289_0": 0.5, "8_33_289_0": 0.5, "9_RUE_289_0": 0.0, "10_DE_289_0": 0.0, "11_LA_289_0": 0.5, "12_SCIERIE_289_0": 0.0, "13_CRF-CITY_289_0": 0.0, "14_LA_289_0": 0.5, "15_ROCHELLE_289_0": 0.0, "0_0102_489_3": 0.0, "1_004_489_3": 0.0, "2_13:10:04_489_3": 0.0, "3_000089_489_3": 0.0, "4_25/02/2017_489_3": 0.0, "5_CARTE_489_3": 0.0, "6_BANCAIRE_489_3": 0.125, "7_EMV_489_3": 0.3333333333333333, "8_EUR_489_3": 0.0, "9_53.38\u20ac_489_3": 0.3333333333333333, "10_ARTICLE(S)_489_3": 0.0, "11_53.38\u20ac_489_3": 0.5, "12_35_489_3": 0.0, "13_TOTAL_489_3": 0.0, "14_A_489_3": 0.0, "15_PAYER_489_3": 0.0, "16_TOTAL_489_3": 0.2, "17_DES_489_3": 0.0, "18_AVANTAGES_489_3": 0.1111111111111111, "19_DU_489_3": 1.0, "20_JOUR_489_3": 0.0, "21_-0.81\u20ac_489_3": 0.0, "22_TOTAL_489_3": 0.0, "23_REMISES_489_3": 0.0, "24_IMMEDIATES_489_3": 0.2, "25_-0.81\u20ac_489_3": 0.6666666666666666, "26_ARTICLE(S)_489_3": 0.0, "27_35_489_3": 0.5, "28_TOTAL_489_3": 0.8, "29_AVANT_489_3": 0.4, "30_REMISES_489_3": 0.14285714285714285, "31_54.19\u20ac_489_3": 0.3333333333333333, "32_/_489_3": 1.0, "33_/_489_3": 1.0, "34_TOTAL_489_3": 0.0, "35_BEAUTE_489_3": 0.0, "36_SANTE_489_3": 0.0, "37_HYGIENE_489_3": 0.42857142857142855, "38_0.77\u20ac_489_3": 0.4, "39_MOUCH.BLC_489_3": 0.2222222222222222, "40_0.77\u20ac_489_3": 0.4, "41_150_489_3": 0.0, "42_PP_489_3": 0.0, "43_B_489_3": 0.0, "0_Tax_receipt_00693_1": 0.0, "1_IDR_receipt_00693_1": 0.6666666666666666, "2_19,635_receipt_00693_1": 0.16666666666666666, "3_Total_receipt_00693_1": 0.0, "4_IDR_receipt_00693_1": 1.0, "5_215,985_receipt_00693_1": 0.0, "6_Charge_receipt_00693_1": 0.16666666666666666, "7_Service_receipt_00693_1": 0.0, "8_IDR_receipt_00693_1": 0.3333333333333333, "9_10,285_receipt_00693_1": 0.0, "10_Mineral_receipt_00693_1": 0.0, "11_water(normal)_receipt_00693_1": 0.07692307692307693, "12_IDR_receipt_00693_1": 0.3333333333333333, "13_8,800_receipt_00693_1": 0.0, "14_Gyoza_receipt_00693_1": 0.0, "15_(Goreng)Ayam_receipt_00693_1": 0.08333333333333333, "16_IDR_receipt_00693_1": 0.6666666666666666, "17_34,100_receipt_00693_1": 0.0, "0_37,500.00_receipt_00068_0": 0.0, "1_(P)_receipt_00068_0": 1.0, "2_kissed_receipt_00068_0": 0.16666666666666666, "3_1_receipt_00068_0": 1.0, "4_sun_receipt_00068_0": 0.0, "5_37,500.00_receipt_00068_0": 0.0, "6_(P)_receipt_00068_0": 1.0, "7_days_receipt_00068_0": 0.25, "8_of_receipt_00068_0": 1.0, "9_500_receipt_00068_0": 0.3333333333333333, "10_1_receipt_00068_0": 1.0, "11_summer_receipt_00068_0": 0.0, "12_37,500.00_receipt_00068_0": 0.2222222222222222, "13_(P)_receipt_00068_0": 1.0, "14_Berry_receipt_00068_0": 0.2, "15_Many-Low_receipt_00068_0": 0.125, "16_1_receipt_00068_0": 1.0, "0_DESCRIPTION_542_0": 0.0, "1_MONTANT_542_0": 0.0, "2_QTE_542_0": 1.0, "3_:_542_0": 1.0, "4_Tel_542_0": 0.0, "5_ORLEANS_542_0": 0.0, "6_45000_542_0": 0.0, "7_1,_542_0": 1.5, "8_RUE_542_0": 0.0, "9_GRENIER_542_0": 0.0, "10_DU_542_0": 1.0, "11_SEL_542_0": 0.0, "12_A_542_0": 0.0, "13_CARREFOUR_542_0": 0.0, "14_CITY_542_0": 0.25, "15_ORLEANS_542_0": 0.0, "0_VISIT_X51005288570_2": 0.0, "1_THANK_X51005288570_2": 0.0, "2_YOU_X51005288570_2": 0.6666666666666666, "3_FOR_X51005288570_2": 0.6666666666666666, "4_YOUR_X51005288570_2": 0.0, "5_incl._X51005288570_2": 0.0, "6_6%_X51005288570_2": 0.0, "7_*Rate_X51005288570_2": 0.0, "8_GST_X51005288570_2": 0.0, "9_1.00_X51005288570_2": 0.0, "10_*AMT_X51005288570_2": 0.0, "11_RM_X51005288570_2": 0.0, "12_0.06_X51005288570_2": 0.0, "13_Add_X51005288570_2": 0.0, "14_GST_X51005288570_2": 0.3333333333333333, "15_RM_X51005288570_2": 0.0, "16_0.94_X51005288570_2": 0.0, "0_ _receipt_00558_0": 2.0, "0_ _receipt_00353_0": 3.0, "0_3,364_receipt_00356_1": 0.0, "1_10.00%_receipt_00356_1": 0.0, "2_PB1_receipt_00356_1": 0.3333333333333333, "3_33,636_receipt_00356_1": 0.16666666666666666, "4_ITEMS:_receipt_00356_1": 0.16666666666666666, "5_3_receipt_00356_1": 1.0, "6_1_receipt_00356_1": 2.0, "7_0_receipt_00356_1": 0.0, "8_COLD_receipt_00356_1": 0.75, "9_OCHA_receipt_00356_1": 0.0, "10_1_receipt_00356_1": 1.0, "11_0_receipt_00356_1": 0.0, "12_EGG_receipt_00356_1": 0.0, "13_RAMEN_receipt_00356_1": 0.0, "14_33,636_receipt_00356_1": 0.0, "15_VALUE_receipt_00356_1": 0.0, "16_MEAL_receipt_00356_1": 0.0, "17_1_receipt_00356_1": 0.0, "18_2_receipt_00356_1": 0.0, "0_BIENTOT_59_1": 0.0, "1_MERCI_59_1": 0.0, "2_DE_59_1": 0.0, "3_VOTRE_59_1": 0.0, "4_VISITE_59_1": 0.0, "5_0003_59_1": 0.0, "6_002_59_1": 0.0, "7_000063_59_1": 0.0, "8_10/01/2017_59_1": 0.0, "9_08:54:14_59_1": 0.0, "10_CARTE_59_1": 0.0, "11_BANCAIRE_59_1": 0.0, "12_EMV_59_1": 0.0, "13_EUR_59_1": 0.0, "14_8.03\u20ac_59_1": 0.4, "15_3_59_1": 0.0, "16_ARTICLE_59_1": 0.0, "17_(S)_59_1": 1.0, "18_TOTAL_59_1": 0.0, "19_A_59_1": 0.0, "20_PAYER_59_1": 0.0, "21_8.03\u20ac_59_1": 0.6, "22_*X36_59_1": 0.25, "23_DOS_59_1": 0.6666666666666666, "24_SENSEO_59_1": 0.16666666666666666, "25_CLA_59_1": 0.0, "26_4.49\u20ac_59_1": 0.4, "27_*CLEMENTINES_59_1": 0.25, "28_1KG_59_1": 0.3333333333333333, "29_2.30\u20ac_59_1": 0.4, "30_*110_59_1": 0.5, "31_MOUCHOIR_59_1": 0.125, "32_CRF._59_1": 0.0, "33_1.24\u20ac_59_1": 0.4, "0_004_112_1": 0.0, "1_0004_112_1": 0.0, "2_19/07/2016_112_1": 0.2, "3_000171_112_1": 0.0, "4_12:06:50_112_1": 0.0, "5_CARTE_112_1": 0.0, "6_BANCAIRE_112_1": 0.0, "7_EMV_112_1": 0.0, "8_EUR_112_1": 0.0, "9_5.57\u20ac_112_1": 0.4, "10_ARTICLE(S)_112_1": 0.0, "11_4_112_1": 1.0, "12_TOTAL_112_1": 0.0, "13_A_112_1": 0.0, "14_PAYER_112_1": 0.0, "15_5.57\u20ac_112_1": 0.4, "16_MOZZARELLA_112_1": 0.2, "17_BIO_112_1": 0.0, "18_250_112_1": 0.0, "19_CRF_112_1": 0.3333333333333333, "20_\u20ac_112_1": 0.0, "21_BAGUETTE_112_1": 0.125, "22_250G_112_1": 0.25, "23_0.84\u20ac_112_1": 0.4, "24_4X_112_1": 1.0, "25_95G_112_1": 0.3333333333333333, "26_LES_112_1": 0.0, "27_2_112_1": 1.0, "28_VACHE_112_1": 0.2, "29_1.80\u20ac_112_1": 0.4, "30_2006_112_1": 0.0, "31_HOUHMOUS_112_1": 0.25, "32_CRF_112_1": 0.0, "33_1.79\u20ac_112_1": 0.4, "34_DESCRIPTION_112_1": 0.0, "35_QTE_112_1": 0.3333333333333333, "36_HONTANT_112_1": 0.2857142857142857, "0_0_receipt_00705_1": 1.0, "1_12,000_receipt_00705_1": 0.0, "2_12,000_receipt_00705_1": 0.0, "3_SUB TOTAL_receipt_00705_1": 0.0, "4_12,000_receipt_00705_1": 0.0, "0_A_430_1": 0.0, "1_BIENTOT_430_1": 0.0, "2_MERCI_430_1": 0.0, "3_DE_430_1": 0.0, "4_VOTRE_430_1": 0.0, "5_VISITE_430_1": 0.0, "6_0001_430_1": 0.0, "7_004_430_1": 0.3333333333333333, "8_000507_430_1": 0.0, "9_24/02/2017_430_1": 0.0, "10_18:59:16_430_1": 0.0, "11_CARTE_430_1": 0.0, "12_BANCAIRE_430_1": 0.0, "13_EMV_430_1": 0.0, "14_EUR_430_1": 0.0, "15_2.26\u20ac_430_1": 0.4, "16_4_430_1": 1.0, "17_ARTICLE_430_1": 0.0, "18_(S)_430_1": 0.6666666666666666, "19_TOTAL_430_1": 0.0, "20_A_430_1": 0.0, "21_PAYER_430_1": 0.0, "22_2.26\u20ac_430_1": 0.4, "23_1.5L_430_1": 0.0, "24_*CRISTALINE_430_1": 0.09090909090909091, "25_2x_430_1": 1.0, "26_0.20_430_1": 0.0, "27_0.40\u20ac_430_1": 0.4, "28_1/2EC_430_1": 0.4, "29_LACTEL_430_1": 0.0, "30_2x_430_1": 0.5, "31_0.93_430_1": 0.0, "32_*1L_430_1": 0.6666666666666666, "33_LT_430_1": 1.0, "34_1.86\u20ac_430_1": 0.4, "0_MERCI_77_1": 0.0, "1_DE_77_1": 0.0, "2_VOTRE_77_1": 0.0, "3_VISITE_77_1": 0.0, "4_0005_77_1": 0.25, "5_000192_77_1": 0.6666666666666666, "6_003_77_1": 0.0, "7_19/12/2016_77_1": 0.0, "8_13:10:14_77_1": 0.0, "9_Monnaie_77_1": 0.0, "10_Votre_77_1": 0.0, "11_-5.14\u20ac_77_1": 0.3333333333333333, "12_ESPECES_77_1": 0.0, "13_EUR_77_1": 0.0, "14_10.00\u20ac_77_1": 0.0, "15_AITICLE(S)_77_1": 0.1, "16_3_77_1": 0.0, "17_TOTAL_77_1": 0.8, "18_A_77_1": 0.0, "19_PAYER_77_1": 0.0, "20_4.86\u20ac_77_1": 0.4, "21_*TROPII_77_1": 0.2857142857142857, "22_ANA_77_1": 0.0, "23_ORANGE_77_1": 0.16666666666666666, "24_2.11e_77_1": 0.4, "25_CRALES_77_1": 0.16666666666666666, "26_1.15\u20ac_77_1": 0.4, "27_+2X406_77_1": 0.5, "28_BLOCS_77_1": 0.0, "29_CARF_77_1": 0.25, "30_1.60\u20ac_77_1": 0.4, "0_A_148_1": 0.0, "1_BIENTOT_148_1": 0.0, "2_VOTRE_148_1": 0.0, "3_VISITE_148_1": 0.0, "4_MERCI_148_1": 0.0, "5_DE_148_1": 0.0, "6_06/04/2016_148_1": 0.0, "7_11:29:39_148_1": 0.0, "8_004_148_1": 0.0, "9_000028_148_1": 0.0, "10_0004_148_1": 0.0, "11_5.28\u20ac_148_1": 0.4, "12_BANCAIRE_148_1": 0.0, "13_EMV_148_1": 0.3333333333333333, "14_EUR_148_1": 0.0, "15_CARTE_148_1": 0.0, "16_5.28\u20ac_148_1": 0.4, "17_PAYER_148_1": 0.0, "18_(S)_148_1": 0.3333333333333333, "19_TOTAL_148_1": 0.0, "20_A_148_1": 0.0, "21_ARTICLE_148_1": 0.0, "22_2_148_1": 0.0, "23_3.82\u20ac_148_1": 0.4, "24_SALADE_148_1": 0.0, "25_PATE_148_1": 0.0, "26_JBON_148_1": 0.0, "27_1.46\u20ac_148_1": 0.4, "28_FRAMBOISE_148_1": 0.0, "29_LU_148_1": 1.0, "30_PIM'S_148_1": 0.2, "31_MONTANT_148_1": 0.14285714285714285, "32_QTE_148_1": 0.3333333333333333, "33_DESCRIPTION_148_1": 0.0, "0_*Gula_receipt_00688_0": 0.4, "1_Murni_receipt_00688_0": 0.8, "2_100%_receipt_00688_0": 0.5, "3_1_receipt_00688_0": 0.0, "4_CAPPUCINO_receipt_00688_0": 0.6666666666666666, "5_BLEND_receipt_00688_0": 0.6, "6_20.909_receipt_00688_0": 0.6666666666666666, "7_*Gula_receipt_00688_0": 1.4, "8_Murni_receipt_00688_0": 0.6, "9_100%_receipt_00688_0": 0.5, "10_ALMOND_receipt_00688_0": 0.8333333333333334, "11_18.182_receipt_00688_0": 0.5, "12_1_receipt_00688_0": 0.0, "13_CHOCO_receipt_00688_0": 0.8, "14_*4X_receipt_00688_0": 1.0, "15_Gula_receipt_00688_0": 0.75, "16_Murni_receipt_00688_0": 0.6, "17_100%_receipt_00688_0": 0.75, "18_1_receipt_00688_0": 1.0, "19_COOKIES_receipt_00688_0": 0.2857142857142857, "20_AND_receipt_00688_0": 1.0, "21_CREAM_receipt_00688_0": 0.4, "22_20.909_receipt_00688_0": 0.6666666666666666, "23_STRAWBERRY_receipt_00688_0": 0.4, "24_1_receipt_00688_0": 0.0, "25_18,182_receipt_00688_0": 0.5, "26_CAPPUCINO_receipt_00688_0": 0.4444444444444444, "27_BLEND_receipt_00688_0": 0.4, "28_1_receipt_00688_0": 2.0, "29_20.909_receipt_00688_0": 0.6666666666666666, "30_BUBBLE_receipt_00688_0": 0.3333333333333333, "31_GUM_receipt_00688_0": 1.3333333333333333, "32_1_receipt_00688_0": 1.0, "33_18,182_receipt_00688_0": 0.6666666666666666, "0_POITRINE_467_1": 0.0, "1_S/US_467_1": 1.0, "2_3.97\u20ac_467_1": 0.4, "3_4.49\u20ac_467_1": 0.4, "4_*PIECE_467_1": 0.0, "5_PASTEQUE_467_1": 0.25, "6_2.18\u20ac_467_1": 0.4, "7_ROUGE_467_1": 0.0, "8_2x_467_1": 2.0, "9_1.09_467_1": 0.5, "10_*LAITUE_467_1": 0.2857142857142857, "11_8.40\u20ac_467_1": 0.6, "12_GITE_467_1": 0.25, "13_NOIX_467_1": 0.25, "14_X10_467_1": 0.6666666666666666, "15_1.61\u20ac_467_1": 0.6, "16_NOIX_467_1": 0.5, "17_GITE_467_1": 0.0, "18_X10_467_1": 0.6666666666666666, "19_0.626_467_1": 0.4, "20_*GINGEMBRE_467_1": 0.1, "21_1.99\u20ac_467_1": 0.4, "22_AIL_467_1": 0.3333333333333333, "23_IMP_467_1": 1.0, "24_*FLT3_467_1": 0.2, "25_TETES_467_1": 0.0, "26_*ECHALOTE_467_1": 0.1111111111111111, "27_1.39_467_1": 0.5, "28_2.78\u20ac_467_1": 0.4, "29_350GR_467_1": 0.2, "30_2x_467_1": 1.5, "31_-29.85\u20ac_467_1": 0.2857142857142857, "32_REMISE_467_1": 0.0, "33_29.70\u20ac_467_1": 0.3333333333333333, "34_C6BDX_467_1": 0.2, "35_RGE_467_1": 0.3333333333333333, "36_BARON15_467_1": 0.2857142857142857, "37_12.20\u20ac_467_1": 0.5, "38_6.10_467_1": 0.0, "39_*300G_467_1": 0.2, "40_QUEUE_467_1": 0.0, "41_CREVET._467_1": 0.2857142857142857, "42_2x_467_1": 1.0, "43_1.39\u20ac_467_1": 0.6, "44_ECHALOTE_467_1": 0.0, "45_RDF_467_1": 0.0, "46_*250G_467_1": 0.2, "47_-9.15\u20ac_467_1": 0.5, "48_REMISE_467_1": 0.3333333333333333, "49_20.58\u20ac_467_1": 0.3333333333333333, "50_10.29_467_1": 0.0, "51_2x_467_1": 1.0, "52_20X25CL_467_1": 0.14285714285714285, "53_2.93\u20ac_467_1": 0.6, "54_POTTRINE_467_1": 0.25, "55_A/0_467_1": 0.6666666666666666, "56_PORC_467_1": 0.25, "0_QTE_198_0": 0.6666666666666666, "1_DESCRIPTION_198_0": 0.0, "2_MONTANT_198_0": 0.2857142857142857, "3_Tel_198_0": 0.0, "4_17000_198_0": 0.0, "5_LA_198_0": 0.0, "6_ROCHELLE_198_0": 0.0, "7_CDT_198_0": 0.6666666666666666, "8_MOTTE_198_0": 0.0, "9_ROUGE_198_0": 0.0, "10_SARL_198_0": 0.0, "11_MONTER_198_0": 0.0, "12_DISTRIBUTION_198_0": 0.0, "0_ _receipt_00470_0": 3.0, "0_ _receipt_00286_0": 3.0, "0_MERCI_95_2": 0.0, "1_DE_95_2": 0.0, "2_VOTRE_95_2": 0.0, "3_VISITE_95_2": 0.0, "4_000302_95_2": 0.0, "5_0001_95_2": 0.0, "6_002_95_2": 0.0, "7_13/01/2017_95_2": 0.0, "8_19:42:23_95_2": 0.125, "9_-6.50\u20ac_95_2": 0.3333333333333333, "10_Votre_95_2": 0.0, "11_Monnaie_95_2": 0.0, "12_EUR_95_2": 0.0, "13_ESPECES_95_2": 0.0, "14_70.06\u20ac_95_2": 0.3333333333333333, "15_21_95_2": 0.5, "16_ARTICLE(S)_95_2": 0.0, "17_TOTAL_95_2": 0.0, "18_PAYER_95_2": 0.0, "19_63.56\u20ac_95_2": 0.3333333333333333, "20_A_95_2": 0.0, "21_*SOUPE_95_2": 0.0, "22_LEG.HOULINEE_95_2": 0.08333333333333333, "23_2.88\u20ac_95_2": 0.4, "24_0.10\u20ac_95_2": 0.4, "25_CAISSE_95_2": 0.16666666666666666, "26_PAPIER_95_2": 0.0, "27_*SAC_95_2": 0.5, "28_BASIL_95_2": 0.0, "29_4.80\u20ac_95_2": 0.4, "30_*PREFOU_95_2": 0.2857142857142857, "31_TOMAT_95_2": 0.2, "32_*OLIVE_95_2": 0.16666666666666666, "33_PROVENCAL_95_2": 0.0, "34_2.71\u20ac_95_2": 0.4, "0_Tel_392_0": 0.0, "1_LA_392_0": 0.0, "2_17000_392_0": 0.0, "3_SCIERIE_392_0": 0.0, "4_DE_392_0": 0.0, "5_LA_392_0": 0.0, "6_SCIERIE_392_0": 0.14285714285714285, "7_RUE_392_0": 0.0, "8_33_392_0": 0.0, "9_CRF-CITY_392_0": 0.0, "10_ROCHELLE_392_0": 0.0, "11_LA_392_0": 0.5, "0_QTE_533_0": 1.0, "1_DESCRIPTION_533_0": 0.0, "2_MONTANT_533_0": 0.2857142857142857, "3_:_533_0": 1.0, "4_Tel_533_0": 0.0, "5_ORLEANS_533_0": 0.0, "6_45000_533_0": 0.0, "7_1,_533_0": 0.5, "8_RUE_533_0": 0.0, "9_DU_533_0": 0.5, "10_GRENIER_533_0": 0.0, "11_A_533_0": 0.0, "12_SEL_533_0": 0.0, "13_CARREFOUR_533_0": 0.0, "14_CITY_533_0": 0.0, "15_ORLEANS_533_0": 0.0, "0_BCA_receipt_00016_1": 0.0, "1_EDC_receipt_00016_1": 0.6666666666666666, "2_30,000_receipt_00016_1": 0.0, "3_)_receipt_00016_1": 1.0, "4_30,000_receipt_00016_1": 0.16666666666666666, "5_1.00_receipt_00016_1": 0.0, "6_TOTAL_receipt_00016_1": 0.0, "7_Subtotal_receipt_00016_1": 0.0, "8_901016_receipt_00016_1": 0.0, "9_CP_receipt_00016_1": 0.5, "10_- TICKET_receipt_00016_1": 0.25, "11_30,000_receipt_00016_1": 0.16666666666666666, "0_VOUS_567_2": 1.0, "1_REMERCIE_567_2": 0.0, "2_DE_567_2": 0.0, "3_VOTRE_567_2": 0.0, "4_VISITE_567_2": 0.0, "5_L'EQUIPE_567_2": 0.0, "6_TOUTE_567_2": 0.0, "7_DE_567_2": 0.0, "8_MARKET_567_2": 0.0, "9_000204_567_2": 0.0, "10_0109_567_2": 0.0, "11_009_567_2": 0.0, "12_08/06/2017_567_2": 0.0, "13_18:32:15_567_2": 0.0, "14_Carte_567_2": 0.0, "15_:_567_2": 1.0, "16_Votre_567_2": 0.0, "17_Monnaie_567_2": 0.0, "18_-2.65\u20ac_567_2": 0.3333333333333333, "19_ESPECES_567_2": 0.0, "20_EUR_567_2": 0.0, "21_10.00\u20ac_567_2": 0.3333333333333333, "0_A_6_1": 0.0, "1_BIENTOT_6_1": 0.0, "2_MERCI_6_1": 0.0, "3_DE_6_1": 0.0, "4_VOTRE_6_1": 0.0, "5_VISITE_6_1": 0.0, "6_05_6_1": 0.0, "7_003_6_1": 0.0, "8_25/02/2017_6_1": 0.0, "9_000009_6_1": 0.16666666666666666, "10_11:05:35_6_1": 0.0, "11_CB_6_1": 0.5, "12_EMV_6_1": 0.0, "13_SANS_6_1": 0.0, "14_CONTACT_6_1": 0.0, "15_EUR_6_1": 0.0, "16_6.99\u20ac_6_1": 0.4, "17_AITICLE(S)_6_1": 0.1, "18_TOTAL_6_1": 0.0, "19_A_6_1": 0.0, "20_PAYER_6_1": 0.0, "21_6.99\u20ac_6_1": 0.4, "22_*1906_6_1": 0.2, "23_DW_6_1": 1.5, "24_TR._6_1": 0.0, "25_JBN_6_1": 0.3333333333333333, "26_C_6_1": 1.0, "27_3.23\u20ac_6_1": 0.4, "28_*180G_6_1": 1.0, "29_(HIPS_6_1": 0.0, "30_ONDULEE_6_1": 0.14285714285714285, "31_1.446_6_1": 0.6, "32_*150G_6_1": 0.6, "33_SDW_6_1": 1.0, "34_TR.POL_6_1": 0.0, "35_PL_6_1": 0.0, "36_2.32\u20ac_6_1": 0.4, "0_TOTAL_receipt_00264_1": 0.0, "1_392,590_receipt_00264_1": 0.0, "2_PB1_receipt_00264_1": 0.3333333333333333, "3_35,690_receipt_00264_1": 0.0, "4_Service_receipt_00264_1": 0.0, "5_Charge_receipt_00264_1": 0.16666666666666666, "6_24,900_receipt_00264_1": 0.0, "7_SUBTTL_receipt_00264_1": 0.0, "8_332,000_receipt_00264_1": 0.0, "9_FOOD_receipt_00264_1": 0.0, "10_293,000_receipt_00264_1": 0.0, "11_PLAIN_receipt_00264_1": 0.2, "12_1_receipt_00264_1": 1.0, "13_CONGEE_receipt_00264_1": 1.0, "14_12,000_receipt_00264_1": 0.0, "15_2_receipt_00264_1": 0.0, "16_WHITE_receipt_00264_1": 0.0, "17_RICE_receipt_00264_1": 0.0, "18_20,000_receipt_00264_1": 0.0, "19_1_receipt_00264_1": 1.0, "20_CAKWE_receipt_00264_1": 0.2, "21_(L)_receipt_00264_1": 0.3333333333333333, "22_20,000_receipt_00264_1": 0.16666666666666666, "23_1_receipt_00264_1": 1.0, "24_P._receipt_00264_1": 1.0, "25_INTESTINE_receipt_00264_1": 0.8888888888888888, "26_(R)_receipt_00264_1": 0.6666666666666666, "27_32,000_receipt_00264_1": 0.0, "28_TAIL_receipt_00264_1": 0.0, "29_1_receipt_00264_1": 0.0, "30_STOMACH_receipt_00264_1": 0.0, "31_(S)_receipt_00264_1": 0.6666666666666666, "32_64,000_receipt_00264_1": 0.0, "33_PORK_receipt_00264_1": 0.0, "34_1_receipt_00264_1": 1.0, "35_TENDER_receipt_00264_1": 0.0, "36_(L)_receipt_00264_1": 1.0, "37_72,000_receipt_00264_1": 0.0, "38_1_receipt_00264_1": 1.0, "39_P._receipt_00264_1": 1.0, "40_RIBS_receipt_00264_1": 0.0, "41_(R)_receipt_00264_1": 1.0, "42_SP_receipt_00264_1": 1.0, "43_73,000_receipt_00264_1": 0.0, "0_:_540_0": 1.0, "1_Tel_540_0": 0.0, "2_45000_540_0": 0.0, "3_ORLEANS_540_0": 0.0, "4_1,_540_0": 1.0, "5_GRENIER_540_0": 0.0, "6_A_540_0": 0.0, "7_SEL_540_0": 0.0, "8_RUE_540_0": 0.0, "9_DU_540_0": 1.0, "10_CARREFOUR_540_0": 0.0, "11_CITY_540_0": 0.0, "12_ORLEANS_540_0": 0.0, "0_Vignette(s)_489_4": 0.0, "1_operation_489_4": 0.0, "2_par_489_4": 0.0, "3_Bravo_489_4": 0.2, "4_vous_489_4": 0.0, "5_avez_489_4": 0.0, "6_cumule_489_4": 0.16666666666666666, "7_5.0_489_4": 0.0, "8_A_489_4": 0.0, "9_BIENTOT_489_4": 0.0, "10_Vous_489_4": 0.0, "11_remercie_489_4": 0.0, "12_de_489_4": 0.0, "13_votre_489_4": 0.0, "14_visite_489_4": 0.0, "15_CARREFOUR_489_4": 0.0, "16_MARKET_489_4": 0.0, "17_AYTRE_489_4": 0.0, "18_repris_489_4": 0.0, "19_echange_489_4": 0.0, "20_Solde_489_4": 0.0, "21_ni_489_4": 0.0, "22_ni_489_4": 0.5, "0_DESCRIPTION_442_0": 0.09090909090909091, "1_QTE_442_0": 0.3333333333333333, "2_MONTANT_442_0": 0.2857142857142857, "3_:_442_0": 1.0, "4_Tel_442_0": 0.0, "5_17000_442_0": 0.2, "6_ROCHELLE_442_0": 0.0, "7_LA_442_0": 0.5, "8_33_442_0": 0.0, "9_RUE_442_0": 0.0, "10_SCIERIE_442_0": 0.0, "11_DE_442_0": 0.0, "12_LA_442_0": 0.0, "13_CRF-CITY_442_0": 0.0, "14_LA_442_0": 0.0, "15_ROCHELLE_442_0": 0.0, "0_DESCRIPTION_350_0": 0.0, "1_QTE_350_0": 1.0, "2_MONTANT_350_0": 0.2857142857142857, "3_:_350_0": 1.0, "4_Tel_350_0": 0.0, "5_17000_350_0": 0.0, "6_LA_350_0": 0.5, "7_ROCHELLE_350_0": 0.0, "8_33_350_0": 0.0, "9_RUE_350_0": 0.0, "10_DE_350_0": 0.0, "11_LA_350_0": 0.5, "12_SCIERIE_350_0": 0.0, "13_CRF-CITY_350_0": 0.0, "14_LA_350_0": 0.0, "15_ROCHELLE_350_0": 0.0, "0_CG_receipt_00788_1": 1.5, "1_82,000_receipt_00788_1": 0.3333333333333333, "2_CASH_receipt_00788_1": 0.5, "3_200,000_receipt_00788_1": 0.42857142857142855, "4_TL_receipt_00788_1": 1.0, "5_TX1_receipt_00788_1": 0.6666666666666666, "6_10,727_receipt_00788_1": 0.0, "7_1_receipt_00788_1": 1.0, "8_HAI_receipt_00788_1": 0.3333333333333333, "9_CMP_receipt_00788_1": 0.6666666666666666, "10_Rp 50,000_receipt_00788_1": 0.3333333333333333, "11_SPC_receipt_00788_1": 0.0, "12_1_receipt_00788_1": 1.0, "13_MIE_receipt_00788_1": 0.0, "14_CINCANG_receipt_00788_1": 0.0, "15_19,090_receipt_00788_1": 0.16666666666666666, "16_1_receipt_00788_1": 1.0, "17_MIE_receipt_00788_1": 0.0, "18_MERAH_receipt_00788_1": 0.0, "19_Rp 38,181_receipt_00788_1": 0.2222222222222222, "20_PG_receipt_00788_1": 0.0, "0_DESCRIPTIN_577_0": 0.1, "1_QTE_577_0": 0.0, "2_MONTANT_577_0": 0.2857142857142857, "3_Bienvenue_577_0": 0.0, "4_chez_577_0": 0.0, "5_Carrefour_577_0": 0.0, "6_Market_577_0": 0.0, "7_Dimanche_577_0": 0.0, "8_9H00 a_577_0": 0.6666666666666666, "9_12H30_577_0": 0.0, "10_Lundi_577_0": 0.2, "11_au_577_0": 0.0, "12_Samedi_577_0": 0.0, "13_de_577_0": 0.0, "14_8H30_577_0": 0.0, "15_a_577_0": 0.0, "16_19H30_577_0": 0.0, "17_:_577_0": 1.0, "18_Tel_577_0": 0.0, "19_04_577_0": 0.0, "20_88_577_0": 0.5, "21_66_577_0": 1.0, "22_98_577_0": 0.0, "23_98_577_0": 0.0, "24_VAUVERT_577_0": 0.0, "0_ _receipt_00750_0": 2.0, "0_*TABOULE_483_4": 0.125, "1_POULET_483_4": 0.0, "2_1.51\u20ac_483_4": 0.4, "3_*RADIS_483_4": 0.0, "4_ROSE_483_4": 0.0, "5_BOTTE_483_4": 0.0, "6_1.19\u20ac_483_4": 0.4, "7_*POINTE_483_4": 0.0, "8_60%MG_483_4": 0.4, "9_BRIE_483_4": 0.0, "10_1.16\u20ac_483_4": 0.4, "11_*PARMIGIANO_483_4": 0.18181818181818182, "12_REGGIAN_483_4": 0.0, "13_1.13\u20ac_483_4": 0.4, "14_MOUTARDE_483_4": 0.125, "15_ORIGINALE_483_4": 0.0, "16_1.10\u20ac_483_4": 0.4, "17_*MAXI_483_4": 0.4, "18_NATUR.JACQUET_483_4": 0.07692307692307693, "19_1.04\u20ac_483_4": 0.4, "20_CANARD_483_4": 0.0, "21_MAGRET_483_4": 0.16666666666666666, "22_S/V_483_4": 0.6666666666666666, "23_8.80\u20ac_483_4": 0.4, "24_KRISPROLLS_483_4": 0.0, "25_400G_483_4": 0.25, "26_1.89\u20ac_483_4": 0.4, "27_RAPE_483_4": 0.0, "28_*EMMENTAL_483_4": 0.3333333333333333, "29_CRF_483_4": 0.0, "30_1.41\u20ac_483_4": 0.4, "31_*EAU_483_4": 0.5, "32_CRISTALINE_483_4": 0.0, "33_X6_483_4": 0.0, "34_3x_483_4": 1.0, "35_1.08_483_4": 0.0, "36_3.24\u20ac_483_4": 0.4, "37_DELP.4T_483_4": 0.0, "38_NORVEGE_483_4": 0.14285714285714285, "39_SF_483_4": 0.0, "40_7.416_483_4": 0.4, "41_*BANANES_483_4": 0.0, "42_1.99\u20ac_483_4": 0.4, "43_*BAGUETTE_483_4": 0.1111111111111111, "44_PRECUITE_483_4": 0.0, "45_2x_483_4": 0.5, "46_1.26_483_4": 0.0, "47_2.52\u20ac_483_4": 0.4, "48_*BAGUETTE_483_4": 0.0, "49_CARREFOUR_483_4": 0.0, "50_0.85\u20ac_483_4": 0.4, "51_*8X125G_483_4": 0.2857142857142857, "52_VELOUTE_483_4": 0.0, "53_NAT_483_4": 0.6666666666666666, "54_1.75\u20ac_483_4": 0.4, "0_12H45_640_3": 0.0, "1_DE_640_3": 0.0, "2_9H15_640_3": 0.0, "3_A_640_3": 1.0, "4_TOUS_640_3": 0.75, "5_LES_640_3": 0.0, "6_DIMANCHE_640_3": 0.0, "7_OUVERTURE_640_3": 0.0, "8_DE_640_3": 0.0, "9_VOTRE_640_3": 0.0, "10_INTERMARCHE_640_3": 0.0, "11_24H_640_3": 0.3333333333333333, "12_24H_640_3": 0.3333333333333333, "0_ _receipt_00236_0": 1.0, "0_Qty_receipt_00427_2": 1.0, "1_Total_receipt_00427_2": 0.0, "2_19_receipt_00427_2": 1.0, "3_Total_receipt_00427_2": 0.2, "4_Item_receipt_00427_2": 0.5, "5_17_receipt_00427_2": 1.0, "6_Balance_receipt_00427_2": 0.0, "0_:_523_0": 1.0, "1_Tel_523_0": 0.0, "2_45000_523_0": 0.0, "3_ORLEANS_523_0": 0.0, "4_1,_523_0": 1.0, "5_SEL_523_0": 0.0, "6_DU_523_0": 0.5, "7_GRENIER_523_0": 0.0, "8_A_523_0": 0.0, "9_RUE_523_0": 0.0, "10_ORLEANS_523_0": 0.0, "11_CITY_523_0": 0.0, "12_CARREFOUR_523_0": 0.0, "0_TOTAL_receipt_00325_1": 0.2, "1_PB1_receipt_00325_1": 1.6666666666666667, "2_26,160_receipt_00325_1": 0.5, "3_Service_receipt_00325_1": 0.2857142857142857, "4_21,600_receipt_00325_1": 0.5, "5_SUBTOTAL_receipt_00325_1": 0.375, "6_240,000_receipt_00325_1": 0.2857142857142857, "0_par_772_0": 0.0, "1_recu_772_0": 0.5, "2_Edcuard_772_0": 0.2857142857142857, "3_avez_772_0": 0.25, "4_ete_772_0": 0.0, "5_Vous_772_0": 0.0, "6_LA_772_0": 0.0, "7_ROCHELLE_772_0": 0.0, "8_&_772_0": 0.0, "9_Nature_772_0": 0.0, "0_13.71\u20ac_104_1": 0.3333333333333333, "1_CB_104_1": 0.5, "2_EMV_104_1": 0.0, "3_SANS_104_1": 0.0, "4_CONTACT_104_1": 0.0, "5_EUR_104_1": 0.0, "6_13.71\u20ac_104_1": 0.3333333333333333, "7_(S)_104_1": 0.6666666666666666, "8_ARTICLE_104_1": 0.0, "9_TOTAL_104_1": 0.0, "10_A_104_1": 0.0, "11_PAYER_104_1": 0.0, "12_*SUCRE_104_1": 0.16666666666666666, "13_POUDRE_104_1": 0.0, "14_1.49\u20ac_104_1": 0.4, "15_2.95\u20ac/kg_104_1": 0.25, "16_0.780kg_104_1": 0.0, "17_x_104_1": 1.0, "18_*POHME_104_1": 0.5, "19_2.30\u20ac_104_1": 0.4, "20_GOLDEN_104_1": 0.16666666666666666, "21_GROSSE_104_1": 0.0, "22_*LEVURE_104_1": 0.14285714285714285, "23_CHIMIQUE_104_1": 0.0, "24_0.99\u20ac_104_1": 0.4, "25_1.36\u20ac_104_1": 0.4, "26_*CD_104_1": 0.3333333333333333, "27_LAIT_104_1": 0.25, "28_COCO_104_1": 1.0, "29_CRF_104_1": 0.0, "30_3.26\u20ac_104_1": 0.4, "31_*6_104_1": 0.5, "32_DEUFS_104_1": 0.2, "33_BIO_104_1": 0.0, "34_LOUE_104_1": 0.25, "35_*4X125G_104_1": 0.14285714285714285, "36_VELOUTE_104_1": 0.0, "37_NAT_104_1": 0.3333333333333333, "38_1.03\u20ac_104_1": 0.4, "39_*250G_104_1": 0.2, "40_RAVIOLI_104_1": 0.2857142857142857, "41_CEPES_104_1": 0.0, "42_3.28\u20ac_104_1": 0.4, "0_CARREFOUR_198_1": 0.0, "1_CITY_198_1": 0.0, "2_VOUS_198_1": 1.0, "3_REMERCIE_198_1": 0.125, "4_03/12/2015_198_1": 0.0, "5_0004_198_1": 0.25, "6_001_198_1": 1.0, "7_000330_198_1": 0.0, "8_18:53:01_198_1": 0.0, "9_Votre_198_1": 0.0, "10_Monnaie_198_1": 0.0, "11_-0.38\u20ac_198_1": 0.3333333333333333, "12_ESPECES_198_1": 0.0, "13_EUR_198_1": 0.0, "14_2.00\u20ac_198_1": 0.4, "15_1_198_1": 0.0, "16_ARTICLE_198_1": 0.0, "17_(S)_198_1": 0.3333333333333333, "18_TOTAL_198_1": 0.0, "19_A_198_1": 0.0, "20_PAYER_198_1": 0.0, "21_1.62\u20ac_198_1": 0.4, "22_MAXI_198_1": 0.5, "23_JBN.EMMENT.CR_198_1": 0.3076923076923077, "24_1.626_198_1": 0.4, "0_A_413_2": 0.0, "1_BIENTOT_413_2": 0.0, "0_BIENTOT_341_2": 0.0, "1_VOTRE_341_2": 0.0, "2_VISITE_341_2": 0.0, "3_MERCI_341_2": 0.0, "4_DE_341_2": 0.0, "5_000094_341_2": 0.16666666666666666, "6_09:20:51_341_2": 0.125, "7_03/06/2017_341_2": 0.0, "8_002_341_2": 0.0, "9_0002_341_2": 0.0, "10_produits_341_2": 0.0, "11_0.13\u20ac_341_2": 0.4, "12_Carrefou_341_2": 0.0, "13_5%_341_2": 0.0, "14_Details:_341_2": 0.0, "15_compte_341_2": 0.0, "16_Carrefour._341_2": 0.0, "17_fidelite_341_2": 0.0, "18_votre_341_2": 0.0, "0_CHANGED_receipt_00626_1": 0.14285714285714285, "1_0_receipt_00626_1": 1.0, "2_CASH_receipt_00626_1": 1.0, "3_161.000_receipt_00626_1": 0.0, "4_TOTAL_receipt_00626_1": 0.0, "5_161.000_receipt_00626_1": 0.0, "6_1_receipt_00626_1": 1.0, "7_Nerds_receipt_00626_1": 0.0, "8_Watermelon_receipt_00626_1": 0.1, "9_42.000_receipt_00626_1": 0.0, "10_1_receipt_00626_1": 1.0, "11_Nerds_receipt_00626_1": 0.2, "12_Trop_receipt_00626_1": 0.0, "13_Punch_receipt_00626_1": 0.0, "14_42.000_receipt_00626_1": 1.0, "15_1_receipt_00626_1": 1.0, "16_Nerds_receipt_00626_1": 0.2, "17_Strw_receipt_00626_1": 0.5, "18_Grape_receipt_00626_1": 0.2, "19_42.000_receipt_00626_1": 0.0, "20_1_receipt_00626_1": 1.0, "21_Pocky_receipt_00626_1": 0.2, "22_Chocolate_receipt_00626_1": 0.1111111111111111, "23_20.000_receipt_00626_1": 0.0, "24_1_receipt_00626_1": 1.0, "25_Mineral_receipt_00626_1": 0.0, "26_Water_receipt_00626_1": 0.0, "27_(S)_receipt_00626_1": 1.0, "28_15.000_receipt_00626_1": 0.3333333333333333, "0_Vignette(s)_490_3": 0.0, "1_par_490_3": 0.0, "2_operation_490_3": 0.0, "3_Bravo_490_3": 0.2, "4_vous_490_3": 0.0, "5_cumule_490_3": 0.0, "6_avez_490_3": 0.0, "7_3.0_490_3": 0.0, "0_8,635_receipt_00764_1": 0.2, "1_Kembalian_receipt_00764_1": 0.2222222222222222, "2_220,000_receipt_00764_1": 0.0, "3_Cash_receipt_00764_1": 1.0, "4_GrandTotal_receipt_00764_1": 0.4, "5_211,365_receipt_00764_1": 0.14285714285714285, "6_PB1_receipt_00764_1": 0.6666666666666666, "7_10.00_receipt_00764_1": 0.2, "8_%_receipt_00764_1": 2.0, "9_19,215_receipt_00764_1": 0.3333333333333333, "10_Serv.Charge:_receipt_00764_1": 0.16666666666666666, "11_5.00_receipt_00764_1": 0.5, "12_%_receipt_00764_1": 1.0, "13_9,150_receipt_00764_1": 0.4, "14_Subtotal_receipt_00764_1": 0.0, "15_183,000_receipt_00764_1": 0.2857142857142857, "0_operation_476_3": 0.0, "1_cumule_476_3": 0.0, "2_2.0_476_3": 0.0, "3_echanges_476_3": 0.0, "4_repris_476_3": 0.0, "5_ni_476_3": 0.0, "0_CASH_receipt_00130_1": 0.0, "1_13,000_receipt_00130_1": 0.0, "0_BIENTOT_561_1": 0.0, "1_0001_561_1": 0.0, "2_002_561_1": 0.0, "3_31/05/2017_561_1": 0.0, "4_000226_561_1": 0.0, "5_18:47:46_561_1": 0.0, "6_CB_561_1": 1.0, "7_EMV_561_1": 0.0, "8_SANS_561_1": 0.0, "9_CONTACT_561_1": 0.0, "10_EUR_561_1": 0.0, "11_14.66\u20ac_561_1": 0.0, "12_14.66\u20ac_561_1": 0.0, "13_ARTICLE_561_1": 0.0, "14_(S)_561_1": 0.6666666666666666, "15_TOTAL_561_1": 0.0, "16_4_561_1": 1.0, "17_A_561_1": 0.0, "18_PAYER_561_1": 0.0, "19_SCE_561_1": 0.0, "20_*PET_561_1": 0.0, "21_6X1.5L_561_1": 0.0, "22_EAU_561_1": 0.0, "23_C_561_1": 1.0, "24_1.14e_561_1": 0.4, "25_MATIN_561_1": 0.0, "26_LEG._561_1": 0.25, "27_10.56\u20ac_561_1": 0.3333333333333333, "28_*6X1L_561_1": 0.4, "29_LAIT_561_1": 0.5, "30_1.02\u20ac_561_1": 0.4, "31_*250G_561_1": 0.4, "32_KROKODIL_561_1": 0.0, "33_CRF_561_1": 0.0, "34_1.94e_561_1": 0.4, "35_*1256_561_1": 0.0, "36_NOI.CAJOU_561_1": 0.0, "37_CRF_561_1": 0.0, "0_ _650_2": 2.0, "0_Rendez-vous_700_2": 0.0, "1_sur_700_2": 0.0, "2_actualites,_700_2": 0.0, "3_surprises,_700_2": 0.0, "4_recettes._700_2": 0.1111111111111111, "5_idees_700_2": 0.0, "6_:_700_2": 1.0, "7_reductions,_700_2": 0.0, "8_et_700_2": 0.0, "9_recevez_700_2": 0.14285714285714285, "10_PROGRAMME_700_2": 0.0, "11_DE_700_2": 0.0, "12_FIDELITE_700_2": 0.0, "13_2_700_2": 0.0, "14_403614_700_2": 0.0, "15_GFIL_700_2": 0.0, "16_29.03.17_700_2": 0.0, "17_18:59_700_2": 0.0, "18_Empl_700_2": 0.0, "19_Ticket_700_2": 0.0, "20_Caisse_700_2": 0.0, "21_Date_700_2": 0.0, "22_Heure_700_2": 0.0, "23_V1_700_2": 0.5, "24_53,75_700_2": 0.0, "25_50,95_700_2": 0.0, "26_2,80_700_2": 0.25, "27_5,5_700_2": 0.6666666666666666, "28_%_700_2": 0.0, "29_Mt_700_2": 0.0, "30_HT_700_2": 0.0, "31_Mt_700_2": 0.5, "32_TVA_700_2": 0.0, "33_Mt_700_2": 0.0, "34_TTC_700_2": 0.6666666666666666, "35_53,75_700_2": 1.0, "36_CB_700_2": 0.0, "37_\u20ac_700_2": 0.0, "0_Empioye:_701_0": 0.25, "1_RB_701_0": 0.0, "2_Date_701_0": 0.0, "3_06.03.17_701_0": 0.0, "4_Ticket_701_0": 0.0, "5_TICKET_701_0": 0.3333333333333333, "6_DE_701_0": 0.0, "7_CAISSE_701_0": 0.16666666666666666, "8_437_701_0": 0.0, "9_601_701_0": 0.0, "10_909_701_0": 0.3333333333333333, "11_00017_701_0": 0.0, "12_TEL:_701_0": 0.0, "13_Fax:_701_0": 0.25, "14_17000_701_0": 0.0, "15_LA_701_0": 0.0, "16_ROCHELLE_701_0": 0.0, "17_12,_701_0": 0.3333333333333333, "18_Rue_701_0": 0.0, "19_Villeneuve_701_0": 0.0, "20_BUREAU_701_0": 0.0, "21_VALLEE_701_0": 0.0, "22_SARL_701_0": 0.0, "23_L'ARMANDECHE_701_0": 0.25, "0_Services_receipt_00686_0": 0.125, "1_5,450_receipt_00686_0": 0.2, "2_Subtotal_receipt_00686_0": 0.125, "3_109,000_receipt_00686_0": 0.14285714285714285, "4_35,000_receipt_00686_0": 0.0, "5_JAJANGMYEON_receipt_00686_0": 0.18181818181818182, "6_1_receipt_00686_0": 1.0, "7_35,000_receipt_00686_0": 0.16666666666666666, "8_35,000_receipt_00686_0": 0.16666666666666666, "9_3_receipt_00686_0": 2.0, "10_PAKET_receipt_00686_0": 0.4, "11_CHICKEN_receipt_00686_0": 0.14285714285714285, "12_1_receipt_00686_0": 1.0, "13_35,000_receipt_00686_0": 0.0, "14_BOKUMBAP_receipt_00686_0": 0.375, "15_39,000_receipt_00686_0": 0.0, "16_CHEESE_receipt_00686_0": 0.16666666666666666, "17_KC_receipt_00686_0": 1.0, "18_1_receipt_00686_0": 1.0, "19_39,000_receipt_00686_0": 0.16666666666666666, "0_Carte_546_1": 0.0, "1_:_546_1": 1.0, "2_-1.51\u20ac_546_1": 0.3333333333333333, "3_Votre_546_1": 0.0, "4_Monnaie_546_1": 0.0, "5_10.00\u20ac_546_1": 0.3333333333333333, "6_ESPECES_546_1": 0.0, "7_EUR_546_1": 0.0, "8_ARTICLE_546_1": 0.0, "9_(S)_546_1": 0.3333333333333333, "10_PAYER_546_1": 0.0, "11_8.49\u20ac_546_1": 0.4, "12_5_546_1": 1.0, "13_TOTAL_546_1": 0.8, "14_A_546_1": 0.0, "15_.65\u20ac_546_1": 0.75, "16_CHAMP_546_1": 0.0, "17_NOIR_546_1": 0.0, "18_*POULET_546_1": 0.0, "19_80%_546_1": 0.0, "20_3x_546_1": 0.5, "21_1.08_546_1": 0.0, "22_3.24\u20ac_546_1": 0.4, "23_*80G_546_1": 0.5, "24_CHOC_546_1": 0.0, "25_NOIR_546_1": 0.25, "26_1.60\u20ac_546_1": 0.4, "27_*200G_546_1": 0.2, "28_CAROTTE_546_1": 0.0, "29_RAPE_546_1": 0.0, "30_BI_546_1": 0.0, "0_BIENTOT_329_2": 0.0, "1_MERCI_329_2": 0.0, "2_DE_329_2": 0.0, "3_VOTRE_329_2": 0.0, "4_VISITE_329_2": 0.0, "5_0010_329_2": 0.0, "6_002_329_2": 0.0, "7_000235_329_2": 0.0, "8_18/05/2017_329_2": 0.0, "9_11:58:05_329_2": 0.125, "10_produits_329_2": 0.0, "11_fidH_329_2": 0.25, "12_0.33\u20ac_329_2": 0.4, "13_Remise_329_2": 0.0, "0_CHANGED_receipt_00205_1": 0.0, "1_5.000_receipt_00205_1": 0.0, "2_CASH_receipt_00205_1": 0.25, "3_50.000_receipt_00205_1": 0.0, "4_TOTAL_receipt_00205_1": 0.0, "5_1_receipt_00205_1": 1.0, "6_Popcorn_receipt_00205_1": 0.0, "7_Salt_receipt_00205_1": 0.0, "8_(S)._receipt_00205_1": 0.75, "9_20.000_receipt_00205_1": 0.0, "10_1_receipt_00205_1": 1.0, "11_Lemon_receipt_00205_1": 0.0, "12_Tea_receipt_00205_1": 0.0, "13_(L)._receipt_00205_1": 1.0, "14_25.000_receipt_00205_1": 0.16666666666666666, "0_CHANGE_receipt_00190_1": 0.0, "1_0_receipt_00190_1": 0.0, "2_351,000_receipt_00190_1": 0.14285714285714285, "3_Card_receipt_00190_1": 0.0, "4_351,000_receipt_00190_1": 0.0, "5_TOTAL_receipt_00190_1": 0.0, "6_0_receipt_00190_1": 0.0, "7_Discount_receipt_00190_1": 0.0, "8_30,000_receipt_00190_1": 0.0, "9_Tax_receipt_00190_1": 0.0, "10_21,000_receipt_00190_1": 0.0, "11_Service_receipt_00190_1": 0.0, "12_300,000_receipt_00190_1": 0.0, "13_Total_receipt_00190_1": 0.0, "14_Sub_receipt_00190_1": 0.0, "15_SAMGYEOPSAL_receipt_00190_1": 0.0, "16_120,000_receipt_00190_1": 0.0, "17_1_receipt_00190_1": 0.0, "18_GOCHUJANG_receipt_00190_1": 0.0, "19_105,000_receipt_00190_1": 0.0, "20_1_receipt_00190_1": 0.0, "21_CHAE_receipt_00190_1": 0.0, "22_JAP_receipt_00190_1": 0.0, "23_75,000_receipt_00190_1": 0.0, "24_1_receipt_00190_1": 1.0, "25_CHIGE_receipt_00190_1": 0.0, "26_SOONDUBU_receipt_00190_1": 0.125, "0_BIENTOT_298_2": 0.0, "1_MERCI_298_2": 0.0, "2_DE_298_2": 0.0, "3_VOTRE_298_2": 0.0, "4_VISITE_298_2": 0.0, "0_17,000_receipt_00225_0": 0.16666666666666666, "1_1_receipt_00225_0": 0.0, "2_17,000_receipt_00225_0": 0.0, "3_TRIPPLE_receipt_00225_0": 0.0, "4_CHEESE_receipt_00225_0": 0.0, "0_A_554_2": 0.0, "1_BIENTOT_554_2": 0.0, "2_MERCI_554_2": 0.0, "3_DE_554_2": 0.0, "4_VOTRE_554_2": 0.0, "5_VISITE_554_2": 0.0, "6_0001_554_2": 0.0, "7_03/03/2017_554_2": 0.0, "8_005_554_2": 0.0, "9_000144_554_2": 0.0, "10_12:43:24_554_2": 0.0, "0_ _receipt_00773_0": 3.0, "0_BIENTOT_292_2": 0.0, "0_1)_617_0": 1.0, "1_(Nombre_617_0": 0.0, "2_d'articles:_617_0": 0.0, "3_4.35_617_0": 0.25, "4_ECREME_617_0": 0.0, "5_POUDRE_617_0": 0.0, "6_1_617_0": 0.0, "7_LAIT_617_0": 0.25, "8_Euro_617_0": 0.25, "9_comptant_617_0": 0.0, "10_Facture_617_0": 0.0, "11_au_617_0": 0.0, "12_Tel:_617_0": 0.0, "13_AVIGNON_617_0": 0.0, "14_84000_617_0": 0.0, "0_TOTAL_receipt_00191_0": 0.8, "1_33.500_receipt_00191_0": 0.5, "2_HARGA_receipt_00191_0": 0.2, "3_JUAL_receipt_00191_0": 1.0, "4_33.500_receipt_00191_0": 0.16666666666666666, "5_PEDULI_receipt_00191_0": 0.3333333333333333, "6_DISABILITAS_receipt_00191_0": 0.2727272727272727, "7_1_receipt_00191_0": 0.0, "8_200_receipt_00191_0": 1.0, "9_AQUA_receipt_00191_0": 0.0, "10_200_receipt_00191_0": 0.3333333333333333, "11_AIR_receipt_00191_0": 1.0, "12_MINERAL_receipt_00191_0": 0.0, "13_600_receipt_00191_0": 1.0, "14_2_receipt_00191_0": 0.0, "15_3500_receipt_00191_0": 0.25, "16_PUCUK/H_receipt_00191_0": 0.0, "17_7.000_receipt_00191_0": 0.0, "18_TEH_receipt_00191_0": 1.0, "19_L/SGR350_receipt_00191_0": 0.5, "20_1_receipt_00191_0": 0.0, "21_3600_receipt_00191_0": 0.0, "22_SOSRO_receipt_00191_0": 0.2, "23_3.600_receipt_00191_0": 1.0, "24_TEH_receipt_00191_0": 1.0, "25_BOTOL_receipt_00191_0": 0.2, "26_350_receipt_00191_0": 1.0, "27_2_receipt_00191_0": 0.0, "28_3500_receipt_00191_0": 0.25, "29_QTELA_receipt_00191_0": 0.0, "30_KRP/TMPE_receipt_00191_0": 1.0, "31_7.000_receipt_00191_0": 0.0, "32_ORI55_receipt_00191_0": 0.4, "33_1_receipt_00191_0": 0.0, "34_6900_receipt_00191_0": 1.0, "35_6.900_receipt_00191_0": 0.2, "36_LAY'S_receipt_00191_0": 0.0, "37_NORI_receipt_00191_0": 0.5, "38_SEAWD_receipt_00191_0": 0.4, "39_55G_receipt_00191_0": 1.0, "40_1_receipt_00191_0": 1.0, "41_8800_receipt_00191_0": 0.0, "42_8.800_receipt_00191_0": 0.2, "0_45.000_receipt_00432_1": 0.0, "1_CHANGED_receipt_00432_1": 0.0, "2_100.000_receipt_00432_1": 0.0, "3_CASH_receipt_00432_1": 0.0, "4_TOTAL_receipt_00432_1": 0.0, "0_1_receipt_00347_0": 1.0, "1_The_receipt_00347_0": 1.0, "2_Roselle_receipt_00347_0": 0.5714285714285714, "3_32,000_receipt_00347_0": 0.5, "4_Sup_receipt_00347_0": 0.6666666666666666, "5_Mie_receipt_00347_0": 1.0, "6_(U_receipt_00347_0": 1.0, "7_A)_receipt_00347_0": 1.0, "8_1_receipt_00347_0": 1.0, "9_WT_receipt_00347_0": 1.0, "10_&_receipt_00347_0": 1.0, "11_53,000_receipt_00347_0": 1.0, "12_Bwg_receipt_00347_0": 0.6666666666666666, "13_1_receipt_00347_0": 1.0, "14_Brokoli_receipt_00347_0": 0.8571428571428571, "15_Putih_receipt_00347_0": 0.6, "16_60,000_receipt_00347_0": 0.5, "17_XLB_receipt_00347_0": 1.0, "18_1_receipt_00347_0": 1.0, "19_Kptg&Aym(4)_receipt_00347_0": 1.0, "20_56,000_receipt_00347_0": 0.3333333333333333, "21_(4)_receipt_00347_0": 1.0, "22_Udang_receipt_00347_0": 0.8, "23_1_receipt_00347_0": 1.0, "24_SM_receipt_00347_0": 1.0, "25_&_receipt_00347_0": 1.0, "26_Aym_receipt_00347_0": 1.0, "27_50,000_receipt_00347_0": 1.0, "28_(3)_receipt_00347_0": 1.0, "29_1_receipt_00347_0": 1.0, "30_Lumpia_receipt_00347_0": 1.0, "31_Klt_receipt_00347_0": 1.0, "32_Tahu_receipt_00347_0": 1.0, "33_43,000_receipt_00347_0": 1.0, "0_:_533_1": 1.0, "1_Carte_533_1": 0.0, "2_CB_533_1": 0.0, "3_EMV_533_1": 0.0, "4_SANS_533_1": 0.0, "5_CONTACT_533_1": 0.0, "6_EUR_533_1": 0.0, "7_11.76\u20ac_533_1": 0.3333333333333333, "8_5_533_1": 0.0, "9_(S)_533_1": 0.6666666666666666, "10_TOTAL_533_1": 0.0, "11_A_533_1": 0.0, "12_PAYER_533_1": 0.0, "13_11.76\u20ac_533_1": 0.3333333333333333, "14_ARTICLE_533_1": 0.0, "15_4.11e_533_1": 0.4, "16_*PARMENTIER_533_1": 0.0, "17_DE_533_1": 0.0, "18_CABILL_533_1": 0.16666666666666666, "19_*80G_533_1": 0.25, "20_CHOC_533_1": 0.0, "21_NOIR_533_1": 0.5, "22_80%_533_1": 0.3333333333333333, "23_1.08\u20ac_533_1": 0.4, "24_*300G_533_1": 0.4, "25_3.37\u20ac_533_1": 0.2, "26_CHILI_533_1": 0.2, "27_CON_533_1": 0.3333333333333333, "28_CARNE_533_1": 0.0, "29_*200G_533_1": 0.2, "30_BI_533_1": 0.5, "31_2x_533_1": 0.5, "32_1.60_533_1": 0.0, "33_3.20\u20ac_533_1": 0.4, "34_CAROTTE_533_1": 0.0, "35_RAPE_533_1": 0.0, "0_DESCRIPTION_252_0": 0.0, "1_QTE_252_0": 0.6666666666666666, "2_KONTANT_252_0": 0.14285714285714285, "3_Gargot_252_0": 0.0, "4_Aytre._252_0": 0.3333333333333333, "5_Nicolas_252_0": 0.0, "6_Rue_252_0": 0.0, "7_17440_252_0": 0.0, "8_Dimanche_252_0": 0.0, "9_9h_252_0": 0.5, "10_a_252_0": 0.0, "11_12h30_252_0": 0.0, "12_Lundi_252_0": 0.0, "13_au_252_0": 0.0, "14_Samedi_252_0": 0.16666666666666666, "15_de_252_0": 0.0, "16_9h_252_0": 1.0, "17_a_252_0": 0.0, "18_20h00_252_0": 0.2, "19_:_252_0": 1.0, "20_Tel_252_0": 0.0, "21_0546457320_252_0": 0.0, "22_market_252_0": 0.0, "23_Carrefour_252_0": 0.0, "24_AYTRE_252_0": 0.0, "0_ _receipt_00615_0": 6.0, "0_ _receipt_00574_0": 3.0, "0_ _receipt_00070_0": 3.0, "0_CAISSE_741_2": 0.0, "1_VENDEUR_741_2": 0.2857142857142857, "2_SIRET_741_2": 0.0, "3_BIENTOT_741_2": 0.14285714285714285, "4_A_741_2": 1.0, "0_ _receipt_00587_0": 3.0, "0_DISKON_receipt_00778_0": 0.0, "1_0_receipt_00778_0": 0.0, "2_SUBTOTAL_receipt_00778_0": 0.0, "3_49,541_receipt_00778_0": 0.0, "4_Total_receipt_00778_0": 0.0, "5_Menu_receipt_00778_0": 0.0, "6_2_receipt_00778_0": 0.0, "7_Damier_receipt_00778_0": 0.0, "8_SLC_receipt_00778_0": 0.0, "9_FL_receipt_00778_0": 0.0, "10_Crepes -_receipt_00778_0": 0.125, "11_1_receipt_00778_0": 0.0, "12_Mille_receipt_00778_0": 0.2, "13_33,181_receipt_00778_0": 0.16666666666666666, "14_Premium_receipt_00778_0": 0.2857142857142857, "15_Original_receipt_00778_0": 0.0, "16_Cheese_receipt_00778_0": 0.16666666666666666, "17_Tart_receipt_00778_0": 0.0, "18_1_receipt_00778_0": 1.0, "19_16,360_receipt_00778_0": 0.3333333333333333, "0_MAGASIN_782_3": 0.0, "1_VOTRE_782_3": 0.0, "2_DE_782_3": 0.0, "3_CARTE_782_3": 0.0, "0_item(s)_receipt_00448_1": 0.14285714285714285, "1_4_receipt_00448_1": 1.0, "2_Change_receipt_00448_1": 0.3333333333333333, "3_0.00_receipt_00448_1": 0.25, "4_Payment_receipt_00448_1": 0.14285714285714285, "5_113,000.00_receipt_00448_1": 0.0, "6_CreditCard_receipt_00448_1": 0.2, "7_113,000.00_receipt_00448_1": 0.0, "8_Total_receipt_00448_1": 0.0, "9_Discount_receipt_00448_1": 0.0, "10_0.00_receipt_00448_1": 0.25, "11_SubTotal_receipt_00448_1": 0.125, "12_113,000.00_receipt_00448_1": 0.1, "13_500.00_receipt_00448_1": 0.3333333333333333, "14_PLASTIC_receipt_00448_1": 0.14285714285714285, "15_BAG_receipt_00448_1": 0.0, "16_1_receipt_00448_1": 1.0, "0_45,000_receipt_00348_0": 0.0, "1_TOTAL_receipt_00348_0": 0.4, "2_SALES_receipt_00348_0": 0.0, "3_45,000_receipt_00348_0": 0.0, "4_SUB_receipt_00348_0": 0.0, "5_TOTAL_receipt_00348_0": 0.0, "6_45,000_receipt_00348_0": 0.0, "7_PCS_receipt_00348_0": 0.0, "8_ORIGINAL_receipt_00348_0": 0.25, "9_6_receipt_00348_0": 0.0, "10_1_receipt_00348_0": 0.0, "0_Change:_receipt_00649_1": 0.14285714285714285, "1_0_receipt_00649_1": 2.0, "2_90,000_receipt_00649_1": 0.0, "3_[90,000]_receipt_00649_1": 0.0, "4_~ MANDIRI_receipt_00649_1": 0.2222222222222222, "5_TOTAL_receipt_00649_1": 0.0, "6_GRAND_receipt_00649_1": 0.0, "7_RESTAURANT_receipt_00649_1": 0.0, "8_8,182_receipt_00649_1": 0.0, "9_TAX_receipt_00649_1": 0.0, "10_81,618_receipt_00649_1": 0.16666666666666666, "11_SUB._receipt_00649_1": 0.5, "12_TOTAL_receipt_00649_1": 0.0, "13_COLD_receipt_00649_1": 0.0, "14_OCHA_receipt_00649_1": 0.0, "15_1_receipt_00649_1": 1.0, "16_10,909_receipt_00649_1": 0.16666666666666666, "17_TEMPURA_receipt_00649_1": 0.0, "18_1_receipt_00649_1": 1.0, "19_13,636_receipt_00649_1": 0.0, "20_EBI_receipt_00649_1": 0.0, "21_TEMPURA [P]_receipt_00649_1": 0.09090909090909091, "22_8,182_receipt_00649_1": 0.0, "23_1_receipt_00649_1": 1.0, "24_EGG_receipt_00649_1": 0.0, "25_UDON_receipt_00649_1": 0.25, "26_1_receipt_00649_1": 1.0, "27_49,091_receipt_00649_1": 0.0, "0_AMOUNT_receipt_00687_0": 0.8333333333333334, "1_DUE_receipt_00687_0": 0.6666666666666666, "2_154,000.00_receipt_00687_0": 1.0, "3_14,000.00_receipt_00687_0": 1.0, "4_TAX_receipt_00687_0": 1.0, "5_INCLUDED_receipt_00687_0": 0.875, "6_154,000,00_receipt_00687_0": 1.0, "7_SUB-TOTAL_receipt_00687_0": 0.5555555555555556, "8_22.000.00_receipt_00687_0": 1.0, "9_AMBUSH_receipt_00687_0": 0.8333333333333334, "10_CHS_receipt_00687_0": 1.0, "11_BURGER_receipt_00687_0": 0.5, "12_2_receipt_00687_0": 2.0, "13_132,000.00_receipt_00687_0": 1.0, "14_CHS_receipt_00687_0": 1.0, "15_DBL_receipt_00687_0": 1.0, "16_BURG_receipt_00687_0": 0.75, "17_8_receipt_00687_0": 1.0, "18_AMBUSH_receipt_00687_0": 1.0, "0_CARREFOUR_201_1": 0.0, "1_CITY_201_1": 0.0, "2_VOUS_201_1": 1.0, "3_REMERCIE_201_1": 0.0, "4_0004_201_1": 0.0, "5_002_201_1": 0.0, "6_000202_201_1": 0.0, "7_11/01/2017_201_1": 0.0, "8_13:16:16_201_1": 0.0, "9_BANCAIRE_201_1": 0.0, "10_EMV_201_1": 0.0, "11_CARTE_201_1": 0.0, "12_EUR_201_1": 0.0, "13_3.18\u20ac_201_1": 0.4, "14_TOTAL_201_1": 0.8, "15_ARTICLE_201_1": 0.0, "16_(S)_201_1": 0.6666666666666666, "17_A_201_1": 0.0, "18_PAYER_201_1": 0.0, "19_3.18\u20ac_201_1": 0.4, "20_S_201_1": 1.0, "21_*ROCHER_201_1": 0.0, "22_COCO_201_1": 1.0, "23_400G_201_1": 0.25, "24_2.16\u20ac_201_1": 0.4, "25_*2X1/2_201_1": 0.16666666666666666, "26_BAGU.PREC.CR_201_1": 0.16666666666666666, "27_2x_201_1": 0.5, "28_1.026_201_1": 0.4, "29_0.51_201_1": 0.0, "0_3X_receipt_00235_0": 2.0, "1_2,100_receipt_00235_0": 0.4, "2_MEGA_receipt_00235_0": 0.0, "3_Discount_receipt_00235_0": 0.0, "4_800 -_receipt_00235_0": 0.8, "5_CHEESE110_receipt_00235_0": 0.6666666666666666, "6_GERRY_receipt_00235_0": 0.0, "7_SM_receipt_00235_0": 1.0, "8_8,000_receipt_00235_0": 0.2, "9_8,000_receipt_00235_0": 0.4, "10_1X_receipt_00235_0": 1.0, "11_Discount_receipt_00235_0": 0.0, "12_240-_receipt_00235_0": 1.5, "13_MEGA_receipt_00235_0": 0.25, "14_STICK_receipt_00235_0": 0.0, "15_2,400_receipt_00235_0": 0.8, "16_MINI_receipt_00235_0": 0.75, "17_NS_receipt_00235_0": 0.5, "18_1,200_receipt_00235_0": 0.2, "19_2X_receipt_00235_0": 0.5, "0_ _receipt_00183_0": 3.0, "0_A_159_2": 0.0, "1_BIENTOT_159_2": 0.0, "2_MERCI_159_2": 0.0, "3_DE_159_2": 0.0, "4_VOTRE_159_2": 0.0, "5_VISITE_159_2": 0.0, "0_30.000_receipt_00671_1": 0.3333333333333333, "1_Kembalian_receipt_00671_1": 0.4444444444444444, "2_50.000_receipt_00671_1": 0.16666666666666666, "3_CASH_receipt_00671_1": 1.0, "0_MERCI_277_1": 0.0, "1_DE_277_1": 0.0, "2_VOTRE_277_1": 0.0, "3_VISITE_277_1": 0.0, "4_0002_277_1": 0.0, "5_002_277_1": 0.0, "6_000109_277_1": 0.0, "7_12/07/2017_277_1": 0.0, "8_11:54:05_277_1": 0.125, "9_CB_277_1": 0.0, "10_EMV_277_1": 0.0, "11_SANS_277_1": 0.0, "12_CONTACT_277_1": 0.0, "13_46.21\u20ac_277_1": 0.3333333333333333, "14_EUR_277_1": 0.0, "15_4_277_1": 0.0, "16_(S)_277_1": 0.6666666666666666, "17_46.21\u20ac_277_1": 0.3333333333333333, "18_ARTICLE_277_1": 0.0, "19_TOTAL_277_1": 0.0, "20_A_277_1": 1.0, "21_PAYER_277_1": 0.0, "22_12.12\u20ac_277_1": 0.3333333333333333, "23_*PATE_277_1": 0.2, "24_BASQUE_277_1": 0.0, "25_RDF_277_1": 0.0, "26_*HOUSSE_277_1": 0.0, "27_FOREST.CRF_277_1": 0.1, "28_11.59\u20ac_277_1": 0.3333333333333333, "29_11.66\u20ac_277_1": 0.3333333333333333, "30_*MOUSS.CD_277_1": 0.3333333333333333, "31_PORTO_277_1": 0.0, "32_CRF_277_1": 0.0, "33_*BAGUETTE_277_1": 0.1111111111111111, "34_250G_277_1": 0.25, "35_10.84\u20ac_277_1": 0.3333333333333333, "0_A_231_2": 0.0, "1_bientot_231_2": 0.14285714285714285, "2_Vous_231_2": 0.0, "3_remercie_231_2": 0.0, "4_de_231_2": 0.0, "5_votre_231_2": 0.0, "6_visite_231_2": 0.0, "7_CARREFOUR_231_2": 0.0, "8_MARKET_231_2": 0.0, "9_AYTRE_231_2": 0.0, "10_0109_231_2": 0.0, "11_007_231_2": 0.0, "12_000213_231_2": 0.16666666666666666, "13_09/11/2015_231_2": 0.0, "14_18:42:54_231_2": 0.0, "15_CARTE_231_2": 0.0, "16_BANCAIRE_231_2": 0.125, "17_EMV_231_2": 0.3333333333333333, "18_EUR_231_2": 0.0, "19_29.31\u20ac_231_2": 0.3333333333333333, "20_ARTICLE(S)_231_2": 0.0, "21_PAYER_231_2": 0.0, "22_29.31\u20ac_231_2": 0.3333333333333333, "23_13_231_2": 0.5, "24_TOTAL_231_2": 0.0, "25_A_231_2": 0.0, "0_:_685_0": 1.0, "1_Carnet(s)_685_0": 0.0, "2_7,30_685_0": 0.25, "3_verts_685_0": 0.0, "4_timbres_685_0": 0.0, "5_EUR_685_0": 0.0, "6_DETAIL_685_0": 0.0, "7_DE_685_0": 0.0, "8_LA_685_0": 0.0, "9_COMMANDE_685_0": 0.0, "10_:_685_0": 1.0, "11_NUMERO_685_0": 0.0, "12_DE_685_0": 0.0, "13_RECU_685_0": 0.0, "14_121576_685_0": 0.0, "15_:_685_0": 1.0, "16_AUTOMATE_685_0": 0.0, "17_LISA_685_0": 0.0, "18_EDITE_685_0": 0.0, "19_LE:_685_0": 0.0, "20_27/03/2017_685_0": 0.0, "21_A_685_0": 0.0, "22_12:40:23_685_0": 0.0, "23_BUREAU_685_0": 0.0, "24_ORLEANS_685_0": 0.0, "25_DE_685_0": 0.0, "26_GAULLE_685_0": 0.0, "27_PLACE_685_0": 0.0, "28_DE_685_0": 0.0, "29_POSTE_685_0": 0.0, "0_:_169_0": 2.0, "1_Tel_169_0": 0.0, "2_ROCHELLE_169_0": 0.0, "3_17000_169_0": 0.0, "4_LA_169_0": 0.0, "5_SCIERIE_169_0": 0.0, "6_DE_169_0": 0.0, "7_LA_169_0": 0.0, "8_33_169_0": 0.0, "9_RUE_169_0": 0.0, "10_CRF-CITY_169_0": 0.0, "11_LA_169_0": 0.0, "12_ROCHELLE_169_0": 0.0, "0_2_receipt_00317_0": 1.0, "1_17,000_receipt_00317_0": 0.6666666666666666, "2_34,000_receipt_00317_0": 0.0, "0_A_252_3": 0.0, "1_BIENTOT_252_3": 0.0, "2_Vous_252_3": 0.0, "3_remercie_252_3": 0.0, "4_de_252_3": 0.0, "5_votre_252_3": 0.0, "6_visite_252_3": 0.0, "7_CARREFOUR_252_3": 0.0, "8_MARKET_252_3": 0.0, "9_AYTRE_252_3": 0.0, "10_repris_252_3": 0.0, "11_Solde_252_3": 0.0, "12_ni_252_3": 0.0, "13_echange_252_3": 0.0, "14_ni_252_3": 0.0, "15_0102_252_3": 0.0, "16_004_252_3": 0.0, "17_000202_252_3": 0.0, "18_27/01/2017_252_3": 0.0, "19_19:42:28_252_3": 0.0, "20_CARTE_252_3": 0.0, "21_BANCAIRE_252_3": 0.0, "22_EMV_252_3": 0.0, "23_EUR_252_3": 0.0, "24_42.63\u20ac_252_3": 0.3333333333333333, "25_ARTICLE(S)_252_3": 0.0, "26_21_252_3": 0.5, "27_TOTAL_252_3": 0.0, "28_PAYER_252_3": 0.0, "29_A_252_3": 0.0, "30_42.63\u20ac_252_3": 0.3333333333333333, "31_TOTAL_252_3": 0.0, "32_DES_252_3": 0.0, "33_AVANTAGES_252_3": 0.2222222222222222, "34_DU_252_3": 0.5, "35_JOUR_252_3": 0.0, "36_-1.17\u20ac_252_3": 0.3333333333333333, "37_TOTAL_252_3": 0.0, "38_REMISES_252_3": 0.0, "39_IMMEDIATES_252_3": 0.2, "40_-1.17\u20ac_252_3": 0.3333333333333333, "0_193.00_X00016469670_1": 0.16666666666666666, "1_VISA_X00016469670_1": 0.0, "2_CARD_X00016469670_1": 0.0, "3_TOTAL:_X00016469670_1": 0.0, "4_193.00_X00016469670_1": 0.16666666666666666, "5_0.00_X00016469670_1": 0.25, "6_Round_X00016469670_1": 0.0, "7_Amt:_X00016469670_1": 0.0, "8_Total_X00016469670_1": 0.0, "9_Inclusive_X00016469670_1": 0.0, "10_193.00_X00016469670_1": 0.0, "11_GST:_X00016469670_1": 0.0, "12_@6%:_X00016469670_1": 0.0, "13_Total_X00016469670_1": 0.0, "14_GST_X00016469670_1": 0.0, "15_0.00_X00016469670_1": 0.0, "16_Qty:_X00016469670_1": 0.0, "17_1_X00016469670_1": 0.0, "18_Total_X00016469670_1": 0.4, "19_Exclude_X00016469670_1": 0.0, "20_GST:_X00016469670_1": 0.0, "21_193.00_X00016469670_1": 0.16666666666666666, "22_KINGS_X00016469670_1": 0.0, "23_SAFETY_X00016469670_1": 0.0, "24_SHOES_X00016469670_1": 0.0, "25_KWD_X00016469670_1": 0.3333333333333333, "26_805_X00016469670_1": 0.3333333333333333, "27_193.00_X00016469670_1": 0.0, "28_193.00_X00016469670_1": 0.0, "29_000000111_X00016469670_1": 0.0, "30_SR_X00016469670_1": 0.0, "31_Description_X00016469670_1": 0.0, "32_Qty_X00016469670_1": 0.0, "33_Price_X00016469670_1": 0.0, "34_Amount_X00016469670_1": 0.0, "35_Address_X00016469670_1": 0.0, "36_QUARRY_X00016469670_1": 0.0, "37_WORKS_X00016469670_1": 0.0, "38_:THE_X00016469670_1": 0.25, "39_PEAK_X00016469670_1": 0.0, "40_Bill_X00016469670_1": 0.0, "41_To_X00016469670_1": 0.5, "42_Sales_X00016469670_1": 0.0, "43_Persor_X00016469670_1": 0.0, "44_:_X00016469670_1": 1.0, "45_FATIN_X00016469670_1": 0.0, "0_0512100_receipt_00177_0": 0.0, "1_2_receipt_00177_0": 0.0, "2_19,000_receipt_00177_0": 0.16666666666666666, "3_38,000_receipt_00177_0": 0.16666666666666666, "4_KUPAT_receipt_00177_0": 0.2, "5_TAHU_receipt_00177_0": 0.25, "0_ _receipt_00188_0": 4.0, "0_Pb1_receipt_00421_0": 0.0, "1_10%_receipt_00421_0": 1.0, "2_4,818_receipt_00421_0": 0.0, "3_SUBTTL_receipt_00421_0": 0.0, "4_48,182_receipt_00421_0": 0.0, "5_CHK_receipt_00421_0": 0.0, "6_1_receipt_00421_0": 0.0, "7_SOBA_receipt_00421_0": 0.0, "8_ABURA_receipt_00421_0": 0.0, "9_40,909_receipt_00421_0": 0.0, "10_COLD_receipt_00421_0": 0.75, "11_OCHA_receipt_00421_0": 0.0, "12_1_receipt_00421_0": 1.0, "13_7,273_receipt_00421_0": 0.6, "0_DESCRIPTION_247_0": 0.0, "1_QTE_247_0": 1.0, "2_MONTANT_247_0": 0.14285714285714285, "3_Gargot_247_0": 0.0, "4_Aytre._247_0": 0.0, "5_Rue_247_0": 0.0, "6_Nicolas_247_0": 0.0, "7_17440_247_0": 0.0, "8_Dimanche_247_0": 0.0, "9_9h_247_0": 0.0, "10_a_247_0": 0.0, "11_12h30_247_0": 0.0, "12_Lundi_247_0": 0.0, "13_au_247_0": 0.0, "14_Samedi_247_0": 0.0, "15_de_247_0": 0.0, "16_9h_247_0": 0.5, "17_a_247_0": 0.0, "18_20h00_247_0": 0.0, "19_0546457320_247_0": 0.0, "20_Tel_247_0": 0.0, "21_Carrefour_247_0": 0.0, "22_market_247_0": 0.0, "23_AYTRE_247_0": 0.0, "0_ _receipt_00282_0": 4.0, "0_cultura.com_734_2": 0.0, "1_sur_734_2": 0.0, "2_Retrouvez_734_2": 0.0, "3_offres_734_2": 0.0, "4_24/24_734_2": 0.0, "5_nos_734_2": 0.0, "6_7288_734_2": 0.0, "7_6000_734_2": 0.0, "8_7410_734_2": 0.25, "9_53_734_2": 0.5, "10_7000_734_2": 0.5, "11_:_734_2": 1.0, "12_TICKET_734_2": 0.0, "13_72885_734_2": 0.0, "14_A_734_2": 0.0, "15_10:31:33_734_2": 0.0, "16_:_734_2": 1.0, "17_CAISSE_734_2": 0.0, "18_28/10/2016_734_2": 0.0, "19_073-07_734_2": 0.3333333333333333, "20_LE_734_2": 0.0, "21_:_734_2": 1.0, "22_Nombre_734_2": 0.0, "23_de_734_2": 0.0, "24_retours_734_2": 0.0, "25_0_734_2": 1.0, "26_Nombre_734_2": 0.0, "27_d'articles_734_2": 0.0, "28_:_734_2": 1.0, "29_2_734_2": 0.0, "30_20,00_734_2": 0.0, "31_22,48_734_2": 0.2, "32_4,50_734_2": 0.0, "33_26,98_734_2": 0.0, "0_MERCI_9_1": 0.0, "1_DE_9_1": 0.0, "2_VOTRE_9_1": 0.0, "3_VISITE_9_1": 0.0, "4_0003_9_1": 0.0, "5_004_9_1": 0.0, "6_000110_9_1": 0.0, "7_23/05/2016_9_1": 0.0, "8_12:29:03_9_1": 0.125, "9_CARTE_9_1": 0.0, "10_BANCAIRE_9_1": 0.0, "11_EMV_9_1": 0.0, "12_EUR_9_1": 0.0, "13_5.04\u20ac_9_1": 0.4, "14_(S)_9_1": 1.0, "15_2_9_1": 0.0, "16_ARTICLE_9_1": 0.0, "17_TOTAL_9_1": 0.0, "18_A_9_1": 0.0, "19_PAYER_9_1": 0.0, "20_5.04\u20ac_9_1": 0.4, "21_0.3600kg_9_1": 0.125, "22_x_9_1": 0.0, "23_2.50\u20ac/kg_9_1": 0.125, "24_POMME_9_1": 0.2, "25_GOLDEN_9_1": 0.0, "26_GROSSE_9_1": 0.0, "27_0.90\u20ac_9_1": 0.4, "28_SLD.HANHATTAN_9_1": 0.07692307692307693, "29_320G_9_1": 0.25, "30_4.14\u20ac_9_1": 0.4, "31_ESCRIPTION_9_1": 0.1, "32_QTE_9_1": 0.0, "33_NONTANT_9_1": 0.2857142857142857, "0_30,000_receipt_00091_1": 0.3333333333333333, "1_CASH_receipt_00091_1": 0.75, "0_CHANGE_receipt_00446_1": 0.0, "1_0_receipt_00446_1": 0.0, "2_17,500_receipt_00446_1": 0.0, "3_CASH_receipt_00446_1": 0.25, "4_17,500_receipt_00446_1": 0.0, "5_TOTAL_receipt_00446_1": 0.0, "0_500,00_receipt_00073_1": 0.3333333333333333, "1_Change:_receipt_00073_1": 0.42857142857142855, "2_10.000,00_receipt_00073_1": 0.3333333333333333, "3_Tendered:_receipt_00073_1": 0.3333333333333333, "4_Total._receipt_00073_1": 0.0, "5_9.500,00_receipt_00073_1": 0.25, "6_Total_receipt_00073_1": 0.2, "7_Item:_receipt_00073_1": 1.0, "8_1_receipt_00073_1": 1.0, "9_9.500,00_receipt_00073_1": 0.375, "10_9.500,00_receipt_00073_1": 0.125, "11_x1_receipt_00073_1": 1.0, "0_53.200_receipt_00669_1": 0.0, "1_Go-Pay_receipt_00669_1": 0.0, "2_OR_receipt_00669_1": 1.0, "3_static_receipt_00669_1": 0.0, "4_TOTAL_receipt_00669_1": 0.2, "5_53.200_receipt_00669_1": 0.0, "6_Subtotal_receipt_00669_1": 0.125, "7_53.200_receipt_00669_1": 0.16666666666666666, "0_ _receipt_00449_0": 2.0, "0_ _receipt_00263_0": 3.0, "0_ _receipt_00427_0": 2.0, "0_PEPPERONI_receipt_00196_0": 0.1111111111111111, "0_1_receipt_00711_0": 1.0, "1_GORENG_receipt_00711_0": 0.3333333333333333, "2_87,000_receipt_00711_0": 0.0, "3_BIHUN_receipt_00711_0": 0.6, "4_JJ_receipt_00711_0": 1.0, "5_=*MEDIUM*=_receipt_00711_0": 0.6, "6_CUMI_receipt_00711_0": 1.0, "7_JUNJAN_receipt_00711_0": 0.8333333333333334, "8_129,000_receipt_00711_0": 1.0, "9_1_receipt_00711_0": 2.0, "10_GR_receipt_00711_0": 1.0, "11_=*MEDIUM*=_receipt_00711_0": 0.7, "12_129,000_receipt_00711_0": 0.14285714285714285, "13_1_receipt_00711_0": 1.0, "14_TH_receipt_00711_0": 0.5, "15_SEAFOOD_receipt_00711_0": 0.0, "16_SAPO_receipt_00711_0": 1.0, "17_=*MEDIUM*=_receipt_00711_0": 0.5, "18_GR_receipt_00711_0": 1.0, "19_ASIN_receipt_00711_0": 1.0, "20_165,000_receipt_00711_0": 0.42857142857142855, "21_TLUR_receipt_00711_0": 0.25, "22_1_receipt_00711_0": 2.0, "23_UDG_receipt_00711_0": 1.0, "0_QTE_284_0": 0.6666666666666666, "1_DESCRIPTION_284_0": 0.0, "2_MONTANT_284_0": 0.14285714285714285, "3_:_284_0": 2.0, "4_Tel_284_0": 0.0, "5_17000_284_0": 0.0, "6_33_284_0": 0.0, "7_RUE_284_0": 0.0, "8_DE_284_0": 0.0, "9_LA_284_0": 0.0, "10_SCIERIE_284_0": 0.14285714285714285, "11_CRF-CITY_284_0": 0.0, "12_LA_284_0": 0.0, "13_ROCHELLE_284_0": 0.0, "0_2_803_1": 0.0, "1_Article(+)_803_1": 0.0, "2_2_803_1": 0.0, "3_TOTAL:_803_1": 0.0, "4_1,79_803_1": 0.25, "5_3,00_803_1": 0.0, "6_0,595_803_1": 0.2, "7_TOMATE_803_1": 0.0, "8_RONDE_803_1": 0.0, "9_0,515_803_1": 0.2, "10_5,_803_1": 1.0, "11_2,78_803_1": 0.25, "12_40_803_1": 0.0, "13_POIVRON_803_1": 0.14285714285714285, "0_15_703_3": 0.5, "1_183,54_703_3": 0.16666666666666666, "2_TOTAL_703_3": 0.0, "3_F_703_3": 0.0, "4_EN_703_3": 0.0, "5_FRANC_703_3": 0.0, "6_6,55957_703_3": 0.14285714285714285, "7_EURO_703_3": 0.0, "8_FRANC_703_3": 0.0, "9_1_703_3": 0.0, "10_TOTAL:_703_3": 0.0, "11_1,62_703_3": 1.0, "12_0,705_703_3": 0.2, "13_2,30_703_3": 0.5, "14_OIGNON_703_3": 0.3333333333333333, "15_0,78_703_3": 0.0, "16_0,245_703_3": 0.2, "17_3,20_703_3": 0.25, "18_CITRON_703_3": 0.0, "19_2,50_703_3": 0.0, "20_0,615_703_3": 0.2, "21_1,54_703_3": 0.25, "22_CAROTTE_703_3": 0.0, "0_BIENTOT_168_1": 0.0, "1_MERCI_168_1": 0.0, "2_DE_168_1": 0.0, "3_VOTRE_168_1": 0.0, "4_VISITE_168_1": 0.0, "5_0006_168_1": 0.25, "6_004_168_1": 0.0, "7_000226_168_1": 0.0, "8_13/01/2017_168_1": 0.0, "9_13:48:44_168_1": 0.0, "10_Votre_168_1": 0.0, "11_Monnaie_168_1": 0.0, "12_-12.41\u20ac_168_1": 0.2857142857142857, "13_ESPECES_168_1": 0.0, "14_EUR_168_1": 0.0, "15_20.00\u20ac_168_1": 0.3333333333333333, "16_(S)_168_1": 0.6666666666666666, "17_ARTICLE_168_1": 0.0, "18_TOTAL_168_1": 0.0, "19_A_168_1": 0.0, "20_PAYER_168_1": 0.0, "21_*ROCHER_168_1": 0.0, "22_FERRERO_168_1": 0.14285714285714285, "23_X30_168_1": 0.0, "24_7.59\u20ac_168_1": 0.4, "25_NONTANT_168_1": 0.0, "26_NONTANT_168_1": 0.0, "0_YOU,_X51005444033_2": 0.5, "1_AGAIN_X51005444033_2": 0.0, "2_THANK_X51005444033_2": 0.0, "3_PLEASE_X51005444033_2": 0.0, "4_COME_X51005444033_2": 0.0, "5_WITHIN_X51005444033_2": 0.0, "6_3_X51005444033_2": 0.0, "7_DAYS_X51005444033_2": 0.0, "8_WITH_X51005444033_2": 0.0, "9_ORIGINAL_X51005444033_2": 0.0, "10_TAX_X51005444033_2": 0.0, "11_INVOICE_X51005444033_2": 0.0, "12_EXCHANGE_X51005444033_2": 0.0, "13_&_X51005444033_2": 1.0, "14_REFUND_X51005444033_2": 0.0, "15_MAY_X51005444033_2": 0.0, "16_BE_X51005444033_2": 0.0, "17_ALLOWED_X51005444033_2": 0.0, "18_BIG.COM.MY_X51005444033_2": 0.0, "19_0%_X51005444033_2": 0.0, "20_Z=_X51005444033_2": 0.0, "21_23.70_X51005444033_2": 0.0, "22_0.00_X51005444033_2": 0.0, "23_6%_X51005444033_2": 0.0, "24_50.47_X51005444033_2": 0.0, "25_3.03_X51005444033_2": 0.25, "26_S=_X51005444033_2": 0.0, "27_Analysis_X51005444033_2": 0.0, "28_GST_X51005444033_2": 0.0, "29_Amount_X51005444033_2": 0.0, "30_Goods_X51005444033_2": 0.0, "31_Tax_X51005444033_2": 0.0, "32_Change_X51005444033_2": 0.0, "33_22.80_X51005444033_2": 0.2, "0_7,000_receipt_00435_1": 0.0, "1_10%_receipt_00435_1": 0.0, "2_Pb1_receipt_00435_1": 0.0, "3_100,000_receipt_00435_1": 0.0, "4_CASH_receipt_00435_1": 0.0, "5_25,000_receipt_00435_1": 0.0, "6_BREAD_receipt_00435_1": 0.0, "7_PIZZA_receipt_00435_1": 0.4, "8_ROLL-IT_receipt_00435_1": 0.0, "9_1_receipt_00435_1": 0.0, "10_34,000_receipt_00435_1": 0.0, "11_BREAD_receipt_00435_1": 0.0, "12_WALNUT_receipt_00435_1": 0.0, "13_CREAMCHEESE_receipt_00435_1": 0.0, "14_1_receipt_00435_1": 0.0, "15_18,000_receipt_00435_1": 0.0, "16_BREAD_receipt_00435_1": 0.0, "17_MILK_receipt_00435_1": 0.0, "18_PAN_receipt_00435_1": 0.0, "19_PREMIUM_receipt_00435_1": 0.0, "20_1_receipt_00435_1": 0.0, "0_fr_680_2": 0.5, "1_Completez_680_2": 0.0, "2_questionnaire_680_2": 0.0, "3_notre_680_2": 0.0, "4_satisfaction_680_2": 0.0, "5_de_680_2": 0.0, "6_sur_680_2": 0.0, "7_Merci_680_2": 0.0, "8_Kiosk:_680_2": 0.16666666666666666, "9_K4_680_2": 0.0, "10_Tillster_680_2": 0.0, "11_Order_680_2": 0.0, "12_ID:_680_2": 0.3333333333333333, "13_1037_680_2": 0.0, "14_5,5_680_2": 0.3333333333333333, "15_\u20ac0,20_680_2": 0.2, "16_TVA_680_2": 0.0, "17_%_680_2": 0.0, "18_TVA_680_2": 0.0, "19_20_680_2": 0.0, "20_%_680_2": 1.0, "21_\u20ac1,38_680_2": 0.2, "22_TVA_680_2": 0.0, "23_10_680_2": 1.0, "24_%_680_2": 0.0, "25_\u20ac19,00_680_2": 0.16666666666666666, "26_Total_680_2": 0.0, "27_(33cl)_680_2": 0.5, "28_MINUTE_680_2": 0.0, "29_MAID_680_2": 0.0, "30_Avec_680_2": 0.0, "31_Sauce_680_2": 0.0, "32_Extra_680_2": 0.0, "33_Hot_680_2": 0.0, "34_ONION_680_2": 0.0, "35_RINGS_680_2": 0.0, "0_ _receipt_00477_0": 3.0, "0_QTE_173_0": 1.0, "1_MONTANT_173_0": 0.2857142857142857, "2_DESCRIPTION_173_0": 0.0, "3_:_173_0": 1.0, "4_Tel_173_0": 0.0, "5_ROCHELLE_173_0": 0.0, "6_LA_173_0": 0.5, "7_17000_173_0": 0.0, "8_SCIERIE_173_0": 0.0, "9_LA_173_0": 0.5, "10_RUE_173_0": 0.0, "11_DE_173_0": 0.0, "12_33_173_0": 0.0, "13_ROCHELLE_173_0": 0.0, "14_CRF-CITY_173_0": 0.0, "15_LA_173_0": 0.0, "0_Pay_receipt_00596_1": 0.0, "1_60,000_receipt_00596_1": 0.16666666666666666, "2_Cash_receipt_00596_1": 0.0, "3_Total_receipt_00596_1": 0.2, "4_42,000_receipt_00596_1": 0.16666666666666666, "5_42,000_receipt_00596_1": 0.16666666666666666, "6_1_receipt_00596_1": 1.0, "7_1_receipt_00596_1": 1.0, "8_0_receipt_00596_1": 1.0, "9_- Pedas_receipt_00596_1": 0.14285714285714285, "10_sedikit_receipt_00596_1": 0.2857142857142857, "11_1_receipt_00596_1": 1.0, "12_42,000_receipt_00596_1": 0.16666666666666666, "13_Seaweed_receipt_00596_1": 0.0, "14_Chicken_receipt_00596_1": 0.0, "0_SALADE_669_0": 0.0, "1_2,62_669_0": 0.5, "2_1,20_669_0": 0.0, "3_2,180_669_0": 0.2, "4_POMME_669_0": 0.0, "5_\u20ac/kg_669_0": 0.0, "6_kg_669_0": 0.5, "7_#1_669_0": 1.5, "8_T0147_669_0": 0.2, "9_21_669_0": 1.0, "10_1)_669_0": 0.5, "11_2017_669_0": 1.0, "12_11_669_0": 1.0, "13_14_669_0": 1.0, "14_14_669_0": 1.0, "15_05_669_0": 1.0, "0_RM_X00016469619_1": 0.5, "1_60.30_X00016469619_1": 0.0, "2_ROUNDING_X00016469619_1": 0.0, "3_ADJ...._X00016469619_1": 0.2857142857142857, "4_-0.01_X00016469619_1": 0.0, "5_AMT._X00016469619_1": 0.25, "6_TOTAL_X00016469619_1": 0.0, "7_60.31_X00016469619_1": 0.0, "8_RM_X00016469619_1": 0.5, "9_Qty_X00016469619_1": 0.0, "10_#Total_X00016469619_1": 0.16666666666666666, "11_2_X00016469619_1": 0.0, "12_CDISC_X00016469619_1": 0.4, "13_10.00%_X00016469619_1": 0.0, "14_-5.59_X00016469619_1": 0.0, "15_62483_X00016469619_1": 0.2, "16_55.90_X00016469619_1": 0.0, "17_55.90_X00016469619_1": 0.0, "18_1_X00016469619_1": 0.0, "19_LAMP/STITCH_X00016469619_1": 0.0, "20_GF-TABLE_X00016469619_1": 0.0, "21_<i>_X00016469619_1": 0.3333333333333333, "22_88888_X00016469619_1": 0.2, "23_1_X00016469619_1": 0.0, "24_10.00_X00016469619_1": 0.0, "25_10.00_X00016469619_1": 0.2, "26_ST-PRIVILEGE_X00016469619_1": 0.0, "27_CARD/GD_X00016469619_1": 0.0, "28_INDAH_X00016469619_1": 0.4, "29_Desc/Item_X00016469619_1": 0.3333333333333333, "30_Qty_X00016469619_1": 0.3333333333333333, "31_Price_X00016469619_1": 0.0, "32_Ant(RM)_X00016469619_1": 0.2857142857142857, "33_Room_X00016469619_1": 0.0, "34_No:_X00016469619_1": 0.3333333333333333, "35_01_X00016469619_1": 0.0, "36_050100035279_X00016469619_1": 0.08333333333333333, "37_MO26588_X00016469619_1": 0.2857142857142857, "38_MB:_X00016469619_1": 0.3333333333333333, "39_Cashier:_X00016469619_1": 0.0, "40_CN_X00016469619_1": 1.0, "41_05_X00016469619_1": 0.5, "42_Location/SP:_X00016469619_1": 0.0, "43_/0531_X00016469619_1": 0.2, "0_BIENTOT_431_1": 0.0, "1_A_431_1": 0.0, "2_VISITE_431_1": 0.0, "3_DE_431_1": 0.0, "4_VOTRE_431_1": 0.0, "5_MERCI_431_1": 0.0, "6_19:25:50_431_1": 0.0, "7_29/03/2017_431_1": 0.1, "8_002_431_1": 0.0, "9_000359_431_1": 0.0, "10_0005_431_1": 0.25, "11_CONTACT_431_1": 0.0, "12_862.26\u20ac_431_1": 0.42857142857142855, "13_EUR_431_1": 0.0, "14_SANS_431_1": 0.0, "15_CB_431_1": 0.5, "16_EMV_431_1": 0.0, "17_862.26\u20ac_431_1": 0.2857142857142857, "18_TOTAL_431_1": 0.0, "19_PAYER_431_1": 0.0, "20_A_431_1": 0.0, "21_ARTICLE(S)_431_1": 0.0, "22_4_431_1": 0.0, "23_0.40\u20ac_431_1": 0.4, "24_0.20_431_1": 0.0, "25_2x_431_1": 1.0, "26_*CRISTALINE_431_1": 0.0, "27_1.5L_431_1": 0.25, "28_860.86\u20ac_431_1": 0.2857142857142857, "29_1/2ECRE_431_1": 0.0, "30_LAIT_431_1": 0.75, "31_*BP_431_1": 0.6666666666666666, "32_1L_431_1": 0.5, "33_1.00\u20ac_431_1": 0.4, "34_250_431_1": 0.0, "35_BAGUETTE_431_1": 0.0, "36_GR_431_1": 0.5, "37_CRF_431_1": 0.0, "0_17100_666_0": 0.0, "1_SAINTES_666_0": 0.0, "2_BERLIOZ_666_0": 0.0, "3_HECTOR_666_0": 0.0, "4_1_666_0": 2.0, "5_COURS_666_0": 0.0, "6_BOIFFIERS_666_0": 0.0, "7_LES_666_0": 0.0, "8_SAS_666_0": 0.0, "9_ENTREPRISE_666_0": 0.0, "10_INDEPENDANTE_666_0": 0.0, "0_(Remise_665_1": 0.0, "1_-10.84%)_665_1": 0.0, "2_de_665_1": 0.0, "3_CHEF_665_1": 0.0, "4_1_665_1": 0.0, "5_3.70_665_1": 0.0, "6_un_665_1": 0.0, "7_QUINOA_665_1": 0.0, "8_CUR_665_1": 0.0, "9_3.70_665_1": 0.25, "10_SALADE_665_1": 0.0, "11_un_665_1": 0.0, "12_MEXICAIN_665_1": 0.0, "13_1_665_1": 0.0, "14_2.95_665_1": 0.0, "15_2.95_665_1": 0.75, "16_CRUSTY_665_1": 0.0, "17_1_665_1": 0.0, "18_un_665_1": 0.0, "19_PICKS_665_1": 0.0, "20_2.10_665_1": 0.0, "21_FR_665_1": 0.0, "22_2.10_665_1": 0.0, "23_(Remise_665_1": 0.0, "24_-10%)_665_1": 0.0, "25_de_665_1": 0.0, "26_1_665_1": 0.0, "27_un_665_1": 0.0, "28_COOKIES_665_1": 0.0, "29_FOURRES_665_1": 0.0, "30_2.57_665_1": 0.25, "31_2.57_665_1": 0.25, "32_QTE_665_1": 0.0, "33_PU_665_1": 0.0, "34_\u20ac_665_1": 0.0, "35_PP_665_1": 0.0, "36_\u20ac_665_1": 1.0, "37_Ticket_665_1": 0.0, "38_ENCAISSER_665_1": 0.0, "39_:_665_1": 2.0, "40_Serveur_665_1": 0.0, "41_SERVEUR_665_1": 0.0, "0_21,000_receipt_00491_1": 0.0, "1_CASH_receipt_00491_1": 0.25, "0_VISITE_392_1": 0.0, "1_DE_392_1": 0.0, "2_VOTRE_392_1": 0.0, "3_MERCI_392_1": 0.2, "4_11/05/2017_392_1": 0.0, "5_11:24:18_392_1": 0.0, "6_000193_392_1": 0.16666666666666666, "7_0005_392_1": 0.25, "8_002_392_1": 0.0, "9_-0.82\u20ac_392_1": 0.3333333333333333, "10_Monnaie_392_1": 0.0, "11_Votre_392_1": 0.0, "12_6.00\u20ac_392_1": 0.4, "13_EUR_392_1": 0.0, "14_ESPECES_392_1": 0.0, "15_PAYER_392_1": 0.0, "16_5.18\u20ac_392_1": 0.4, "17_ARTICLE_392_1": 0.0, "18_(S)_392_1": 1.0, "19_TOTAL_392_1": 0.0, "20_A_392_1": 0.0, "21_2_392_1": 0.0, "22_1.84\u20ac_392_1": 0.4, "23_3.34\u20ac_392_1": 0.4, "24_PT_392_1": 0.5, "25_SALE_392_1": 0.0, "26_LENT._392_1": 0.0, "27_*350G_392_1": 0.4, "28_*110_392_1": 0.25, "29_MOUCHOIR_392_1": 0.125, "30_CRF._392_1": 0.0, "31_1.24\u20ac_392_1": 0.4, "32_QTE_392_1": 1.0, "33_MONTANT_392_1": 0.14285714285714285, "34_DESCRIPTION_392_1": 0.0, "0_BIENTOT_500_2": 0.0, "0_ECHANGEABLES_779_1": 0.0, "1_SOUS_779_1": 0.75, "2_15_779_1": 0.0, "3_JOURS_779_1": 0.0, "4_ARTICLES_779_1": 0.0, "5_12,95_779_1": 0.0, "6_par_779_1": 0.0, "7_EUR_779_1": 0.0, "8_Paiement_779_1": 0.0, "9_Carte_779_1": 0.0, "10_bancaire_779_1": 0.0, "11_12,95_779_1": 0.0, "12_Net_779_1": 0.0, "13_TTC:_779_1": 0.75, "14_2,16_779_1": 0.0, "15_Total_779_1": 0.0, "16_TVA:_779_1": 0.0, "17_10,79_779_1": 0.0, "18_HT:_779_1": 0.0, "19_Total_779_1": 0.0, "20_Net_779_1": 0.3333333333333333, "21_Dungeon_779_1": 0.0, "22_12,95_779_1": 0.0, "23_1,00_779_1": 0.25, "24_Welcome_779_1": 0.0, "25_The_779_1": 0.0, "26_To_779_1": 0.5, "27_ARNAUD_779_1": 0.0, "28_Vendeur:_779_1": 0.0, "29_Client_779_1": 0.0, "30_Client_779_1": 0.0, "31_caisse_779_1": 0.0, "0_33,000_receipt_00007_0": 0.0, "1_1.00xITEMS_receipt_00007_0": 0.0, "2_PKT_receipt_00007_0": 0.0, "3_AYAM_receipt_00007_0": 0.0, "4_33,000_receipt_00007_0": 0.0, "0_ _receipt_00390_0": 2.0, "0_:_677_0": 1.0, "1_Opened_677_0": 0.0, "2_24/05/2017_677_0": 0.0, "3_21:56:58_677_0": 0.0, "4_GER_677_0": 0.0, "5_21:56_677_0": 0.0, "6_mer._677_0": 0.0, "7_24_677_0": 0.0, "8_mai_677_0": 0.0, "9_17_677_0": 0.5, "10_ROCHELLE_677_0": 0.0, "11_:_677_0": 1.0, "12_#2_677_0": 0.0, "13_0000_677_0": 0.0, "14_CAISSE1_677_0": 0.14285714285714285, "15_ROCHELLE_677_0": 0.0, "16_17000_677_0": 0.0, "17_LA_677_0": 0.0, "18_32,_677_0": 0.0, "19_Nicolas_677_0": 0.0, "20_rue_677_0": 0.0, "21_Saint_677_0": 0.0, "22_LA_677_0": 0.5, "0_CAFE_228_1": 0.0, "1_MAXWELL_228_1": 0.2857142857142857, "2_HOUSE_228_1": 0.0, "3_4.42\u20ac_228_1": 0.4, "4_BOULE_228_1": 0.0, "5_BLANCHE_228_1": 0.0, "6_1.35\u20ac_228_1": 0.4, "7_BISCOT.MULTI_228_1": 0.25, "8_CEREA_228_1": 0.2, "9_1.01\u20ac_228_1": 0.4, "10_8X125G_228_1": 0.3333333333333333, "11_VELOUTE_228_1": 0.0, "12_NAT_228_1": 1.0, "13_1.99\u20ac_228_1": 0.4, "14_740G_228_1": 0.25, "15_COMP.POMM.MCX_228_1": 0.38461538461538464, "16_1.87\u20ac_228_1": 0.4, "17_PLEIN_228_1": 0.0, "18_AIR_228_1": 0.0, "19_1.52\u20ac_228_1": 0.4, "20_500G_228_1": 0.25, "21_TORSADE_228_1": 0.0, "22_CRF_228_1": 0.6666666666666666, "23_0.48\u20ac_228_1": 0.4, "24_500G_228_1": 0.25, "25_RIZ_228_1": 0.6666666666666666, "26_SEMI_228_1": 0.0, "27_CPLT_228_1": 0.25, "28_1.90\u20ac_228_1": 0.4, "29_500G_228_1": 0.25, "30_PAIN_228_1": 0.25, "31_DE_228_1": 1.0, "32_MIE_228_1": 0.3333333333333333, "33_1.26\u20ac_228_1": 0.4, "34_400G_228_1": 0.25, "35_PLP.TOMAT.BIO_228_1": 0.15384615384615385, "36_1.27\u20ac_228_1": 0.4, "37_300G_228_1": 0.25, "38_PRINCE_228_1": 0.0, "39_CHOCOL_228_1": 0.0, "40_1.27\u20ac_228_1": 0.4, "41_250G_228_1": 0.25, "42_TORTELL.PESTO_228_1": 0.15384615384615385, "43_2.97\u20ac_228_1": 0.4, "44_18_228_1": 1.0, "45_DOSET.CORSE_228_1": 0.0, "46_CRF_228_1": 0.6666666666666666, "47_1.80\u20ac_228_1": 0.4, "48_160G_228_1": 0.25, "49_JBN_228_1": 1.0, "50_SUP_228_1": 1.0, "51_DD_228_1": 1.0, "52_CR_228_1": 1.0, "53_1.98\u20ac_228_1": 0.4, "54_1/2_228_1": 1.0, "55_QUENEL.VOLAIL._228_1": 0.0, "56_1.75\u20ac_228_1": 0.4, "57_1/2_228_1": 1.0, "58_CONFIT_228_1": 0.0, "59_AUBERGI_228_1": 0.0, "60_2.49\u20ac_228_1": 0.4, "0_ _receipt_00603_0": 2.0, "0_SOUPE_610_0": 0.0, "1_FENOUIL_610_0": 0.0, "2_CITR_610_0": 0.0, "3_6.26EUR_610_0": 0.0, "4_kg_610_0": 0.5, "5_23.50EUR/kg_610_0": 0.0, "6_0.066_610_0": 0.0, "7_x_610_0": 1.0, "8_MIX_610_0": 0.0, "9_TIBETAIN_610_0": 0.0, "10_1.55EUR_610_0": 0.0, "11_VRAC_610_0": 0.0, "12_CRUSTY_610_0": 0.0, "13_EPEAUTRE_610_0": 0.0, "14_FR_610_0": 0.0, "15_2.79EUR_610_0": 0.0, "16_TEL:_610_0": 0.5, "17_04_610_0": 0.0, "18_90_610_0": 0.5, "19_32_610_0": 0.0, "20_65_610_0": 0.0, "21_33_610_0": 0.0, "22_84700_610_0": 0.0, "23_SORGUES_610_0": 0.14285714285714285, "24_CC_610_0": 1.0, "25_AVIGNON_610_0": 0.0, "26_NORD_610_0": 0.0, "27_AVIGNON_610_0": 0.0, "28_NORD_610_0": 0.0, "29_PLEINE_610_0": 0.0, "30_NATURE_610_0": 0.0, "0_DESCRIPTIOE_505_0": 0.09090909090909091, "1_QTE_505_0": 1.0, "2_MONTANT_505_0": 0.42857142857142855, "3_Gargot_505_0": 0.0, "4_Aytre._505_0": 0.0, "5_Rue_505_0": 0.0, "6_Nicolas_505_0": 0.0, "7_17440_505_0": 0.0, "8_Dimanche_505_0": 0.0, "9_9h_505_0": 0.0, "10_a_505_0": 0.0, "11_12h30_505_0": 0.0, "12_Lundi_505_0": 0.0, "13_au_505_0": 0.0, "14_Samedi_505_0": 0.0, "15_de_505_0": 0.0, "16_9h_505_0": 0.5, "17_a_505_0": 0.0, "18_20h00_505_0": 0.0, "19_:_505_0": 1.0, "20_0546457320_505_0": 0.0, "21_Tel_505_0": 0.0, "22_Carrefour_505_0": 0.0, "23_market_505_0": 0.0, "24_AYTRE_505_0": 0.0, "0_BIENTOT_150_1": 0.0, "1_A_150_1": 0.0, "2_MERCI_150_1": 0.0, "3_DE_150_1": 0.0, "4_VOTRE_150_1": 0.0, "5_VISITE_150_1": 0.0, "6_09/11/2015_150_1": 0.0, "7_12:39:05_150_1": 0.0, "8_0010_150_1": 0.0, "9_003_150_1": 0.0, "10_000137_150_1": 0.0, "11_BANCAIRE_150_1": 0.0, "12_EUR_150_1": 0.0, "13_4.27\u20ac_150_1": 0.4, "14_CARTE_150_1": 0.0, "15_EMV_150_1": 0.3333333333333333, "16_ARTICLE(S)_150_1": 0.0, "17_TOTAL_150_1": 0.0, "18_A_150_1": 1.0, "19_PAYER_150_1": 0.0, "20_4.27\u20ac_150_1": 0.4, "21_2_150_1": 0.0, "22_BARQUET.ABRICOT_150_1": 0.06666666666666667, "23_LU_150_1": 1.0, "24_1.16\u20ac_150_1": 0.4, "25_3.11e_150_1": 0.2, "26_TAB_150_1": 0.0, "27_PLT_150_1": 0.0, "28_ORIEN_150_1": 0.2, "29_2806_150_1": 0.25, "0_5,454_receipt_00533_1": 0.0, "1_TAX_receipt_00533_1": 0.0, "2_SUBTOTAL_receipt_00533_1": 0.5, "3_54,546_receipt_00533_1": 0.16666666666666666, "4_1_receipt_00533_1": 1.0, "5_SALAD_receipt_00533_1": 0.8, "6_BAR_receipt_00533_1": 0.0, "7_50%_receipt_00533_1": 0.0, "8_17,273_receipt_00533_1": 0.16666666666666666, "9_1_receipt_00533_1": 1.0, "10_SOUP_receipt_00533_1": 0.0, "11_50%_receipt_00533_1": 0.0, "12_7,273_receipt_00533_1": 0.0, "13_1_receipt_00533_1": 2.0, "14_TROPICAL_receipt_00533_1": 0.0, "15_PUNCH_receipt_00533_1": 0.0, "16_30,000_receipt_00533_1": 0.0, "0_0001_445_1": 0.0, "1_004_445_1": 0.0, "2_000083_445_1": 0.0, "3_14/03/2017_445_1": 0.0, "4_11:04:03_445_1": 0.0, "5_CB_445_1": 0.0, "6_EMV_445_1": 0.3333333333333333, "7_SANS_445_1": 0.0, "8_CONTACT_445_1": 0.0, "9_EUR_445_1": 0.0, "10_7.78\u20ac_445_1": 0.4, "11_4_445_1": 0.0, "12_ARTICLE_445_1": 0.0, "13_(S)_445_1": 0.3333333333333333, "14_TOTAL_445_1": 0.0, "15_A_445_1": 0.0, "16_PAYER_445_1": 0.0, "17_7.78\u20ac_445_1": 0.4, "18_*SALADE_445_1": 0.0, "19_VENEZIA_445_1": 0.2857142857142857, "20_4.23\u20ac_445_1": 0.4, "21_0.215kg_445_1": 0.14285714285714285, "22_x_445_1": 1.0, "23_2.90\u20ac/kg_445_1": 0.125, "24_*POMME_445_1": 0.5, "25_GOLDEN_445_1": 0.0, "26_GROSSE_445_1": 0.0, "27_0.62\u20ac_445_1": 0.4, "28_*PETIT_445_1": 0.0, "29_BEURRE_445_1": 0.0, "30_BIO_445_1": 0.0, "31_1.33\u20ac_445_1": 0.4, "32_*CAROTTE_445_1": 0.25, "33_RAPE_445_1": 0.0, "34_BIO_445_1": 0.3333333333333333, "35_1.60\u20ac_445_1": 0.4, "36_DESCRIPTION_445_1": 0.0, "37_QTE_445_1": 0.0, "38_MONTANT_445_1": 0.14285714285714285, "0_ _receipt_00538_0": 2.0, "0_9,800_receipt_00033_1": 0.0, "1_CHANGE_receipt_00033_1": 0.16666666666666666, "2_20,000_receipt_00033_1": 0.0, "3_CASH_receipt_00033_1": 0.0, "4_10,200_receipt_00033_1": 0.0, "5_TOTAL_receipt_00033_1": 0.0, "6_10,200_receipt_00033_1": 0.0, "7_SUBTOTAL_receipt_00033_1": 0.0, "8_3.00xITEMs_receipt_00033_1": 0.0, "9_0_receipt_00033_1": 0.0, "10_PLASTIK_receipt_00033_1": 0.0, "11_KECIL_receipt_00033_1": 0.0, "12_@0_receipt_00033_1": 0.5, "13_1X_receipt_00033_1": 0.0, "14_-3,600_receipt_00033_1": 0.0, "15_AMOUNT_receipt_00033_1": 0.0, "16_-40.000%_receipt_00033_1": 0.0, "17_ITEM_receipt_00033_1": 0.0, "18_DISC_receipt_00033_1": 0.0, "19_9,000_receipt_00033_1": 0.0, "20_LEMPER_receipt_00033_1": 0.0, "21_@9000_receipt_00033_1": 0.2, "22_1X_receipt_00033_1": 1.0, "23_-3,200_receipt_00033_1": 0.0, "24_AMOUNT_receipt_00033_1": 0.16666666666666666, "25_-40.000%_receipt_00033_1": 0.125, "26_ITEM_receipt_00033_1": 0.0, "27_DISC_receipt_00033_1": 0.0, "28_8,000_receipt_00033_1": 0.0, "29_AREM_receipt_00033_1": 0.25, "30_AREM_receipt_00033_1": 0.25, "31_-_receipt_00033_1": 0.0, "32_@8000_receipt_00033_1": 0.2, "33_1X_receipt_00033_1": 1.0, "0_BIENTOT_587_2": 0.0, "1_MERCI_587_2": 0.0, "2_DE_587_2": 0.0, "3_VOTRE_587_2": 0.0, "4_VISITE_587_2": 0.0, "0_Sub_receipt_00696_0": 0.3333333333333333, "1_Total_receipt_00696_0": 0.2, "2_47,727_receipt_00696_0": 0.5, "3_1_receipt_00696_0": 1.0, "4_Perkedel_receipt_00696_0": 0.125, "5_5.909_receipt_00696_0": 0.2, "6_1_receipt_00696_0": 1.0, "7_SB_receipt_00696_0": 1.5, "8_1_receipt_00696_0": 1.0, "9_HC_receipt_00696_0": 1.0, "10_27.727_receipt_00696_0": 0.5, "11_1_receipt_00696_0": 1.0, "12_Lychee_receipt_00696_0": 0.16666666666666666, "13_Float_receipt_00696_0": 0.2, "14_5.909_receipt_00696_0": 0.0, "15_Spaghetti_receipt_00696_0": 0.1111111111111111, "16_1_receipt_00696_0": 1.0, "17_Deluxe_receipt_00696_0": 0.16666666666666666, "18_8.182_receipt_00696_0": 1.0, "0_DESCRIPTION_124_0": 0.0, "1_QTE_124_0": 1.0, "2_MONTANT_124_0": 0.14285714285714285, "3_:_124_0": 1.0, "4_Tel_124_0": 0.0, "5_17000_124_0": 0.0, "6_LA_124_0": 0.0, "7_ROCHELLE_124_0": 0.0, "8_33_124_0": 0.0, "9_RUE_124_0": 0.0, "10_LA_124_0": 0.5, "11_SCIERIE_124_0": 0.0, "12_DE_124_0": 0.0, "13_CRF-CITY_124_0": 0.0, "14_ROCHELLE_124_0": 0.0, "15_LA_124_0": 0.0, "0_BOTTLED WATER_receipt_00304_0": 0.07692307692307693, "1_x_receipt_00304_0": 0.0, "2_1_receipt_00304_0": 1.0, "3_5,000_receipt_00304_0": 0.2, "4_5,000_receipt_00304_0": 0.2, "5_*LEMONADER*_receipt_00304_0": 0.36363636363636365, "6_x_receipt_00304_0": 0.0, "7_1_receipt_00304_0": 1.0, "8_0_receipt_00304_0": 1.0, "9_0_receipt_00304_0": 1.0, "10_25,000_receipt_00304_0": 0.16666666666666666, "11_25,000_receipt_00304_0": 0.16666666666666666, "12_x_receipt_00304_0": 0.0, "13_1_receipt_00304_0": 1.0, "0_QTE_403_0": 0.3333333333333333, "1_MONTANT_403_0": 0.14285714285714285, "2_DESCRIPTION_403_0": 0.0, "3_Tel_403_0": 0.0, "4_LA_403_0": 0.0, "5_ROCHELLE_403_0": 0.0, "6_17000_403_0": 0.0, "7_DE_403_0": 0.0, "8_SCIERIE_403_0": 0.0, "9_33_403_0": 0.0, "10_RUE_403_0": 0.0, "11_LA_403_0": 0.5, "12_CRF-CITY_403_0": 0.0, "13_LA_403_0": 0.0, "14_ROCHELLE_403_0": 0.0, "0_Kembali_receipt_00395_0": 0.8571428571428571, "1_4.001_receipt_00395_0": 1.0, "2_Bayar_receipt_00395_0": 1.0, "3_160.000_receipt_00395_0": 0.2857142857142857, "4_Total_receipt_00395_0": 0.0, "5_155.999_receipt_00395_0": 0.0, "6_8_receipt_00395_0": 0.0, "7_14.182_receipt_00395_0": 1.0, "8_1_receipt_00395_0": 1.0, "9_PB_receipt_00395_0": 1.0, "10_141.817_receipt_00395_0": 1.0, "11_Subtotal_receipt_00395_0": 0.625, "12_Fu_receipt_00395_0": 1.0, "13_Mie_receipt_00395_0": 0.3333333333333333, "14_(L)_receipt_00395_0": 1.0, "15_0_receipt_00395_0": 0.0, "16_Box_receipt_00395_0": 0.6666666666666666, "17_Yi_receipt_00395_0": 1.0, "18_1_receipt_00395_0": 1.0, "19_68.182_receipt_00395_0": 1.0, "20_Ultah_receipt_00395_0": 0.4, "21_1_receipt_00395_0": 1.0, "22_Bakmi_receipt_00395_0": 0.8, "23_0_receipt_00395_0": 1.0, "24_Box_receipt_00395_0": 1.0, "25_Bakmie_receipt_00395_0": 0.6666666666666666, "26_(M)_receipt_00395_0": 1.0, "27_3_receipt_00395_0": 2.0, "28_73.635_receipt_00395_0": 1.0, "29_Ayam_receipt_00395_0": 1.0, "30_Spc_receipt_00395_0": 1.0, "31_3_receipt_00395_0": 1.0, "32_Ng_receipt_00395_0": 1.0, "33_Bakmi_receipt_00395_0": 0.8, "0_TOUT_683_3": 0.75, "1_ARTICLE_683_3": 0.0, "2_SERA_683_3": 0.0, "3_20%00_683_3": 0.2, "4_36.20_683_3": 0.0, "5_7.24_683_3": 0.25, "6_43.44_683_3": 0.0, "7_5_683_3": 0.0, "8_2_683_3": 1.0, "9_5850_683_3": 0.25, "10_45.93_683_3": 0.0, "11_2.53_683_3": 0.0, "12_48.46_683_3": 0.2, "13_Code_683_3": 0.0, "14_HT_683_3": 0.0, "15_TVA_683_3": 0.6666666666666666, "16_TTC_683_3": 1.0, "17_Rendu_683_3": 0.2, "18_0.00_683_3": 0.0, "19_91.90_683_3": 0.0, "20_CB_683_3": 0.5, "21_91.90_683_3": 0.0, "22_Total_683_3": 0.0, "23_articles_683_3": 0.0, "24_24_683_3": 1.0, "25_14.90_683_3": 0.0, "26_GRILLE_683_3": 0.0, "27_SIMPLE_683_3": 0.3333333333333333, "28_57_683_3": 0.5, "29_X30.1P_683_3": 0.0, "30_5_683_3": 1.0, "31_BOX_683_3": 0.0, "32_NSES_683_3": 0.0, "33_GENERALES_683_3": 0.1111111111111111, "34_SAISON._683_3": 0.14285714285714285, "35_BAGUET/ANCIENNE_683_3": 0.06666666666666667, "36_0.58_683_3": 0.0, "0_DESCRIPTION_501_0": 0.0, "1_QTE_501_0": 1.0, "2_MONTANT_501_0": 0.2857142857142857, "3_Gargot_501_0": 0.0, "4_Aytre._501_0": 0.16666666666666666, "5_Rue_501_0": 0.0, "6_Nicolas_501_0": 0.0, "7_17440_501_0": 0.0, "8_Dimanche_501_0": 0.0, "9_12h30_501_0": 0.0, "10_9h_501_0": 0.0, "11_a_501_0": 0.0, "12_au_501_0": 0.0, "13_Samedi_501_0": 0.0, "14_de_501_0": 0.0, "15_9h_501_0": 0.5, "16_a_501_0": 0.0, "17_20h00_501_0": 0.0, "18_:_501_0": 1.0, "19_0546457320_501_0": 0.0, "20_Tel_501_0": 0.0, "21_Carrefour_501_0": 0.0, "22_market_501_0": 0.0, "23_AYTRE_501_0": 0.0, "0_GRAND_receipt_00139_0": 0.0, "1_22,500_receipt_00139_0": 0.0, "2_TOTAL_receipt_00139_0": 0.0, "3_Total_receipt_00139_0": 0.0, "4_Sub_receipt_00139_0": 0.6666666666666666, "5_22,500_receipt_00139_0": 0.0, "6_22,500_receipt_00139_0": 0.0, "7_22,500_receipt_00139_0": 0.0, "8_1_receipt_00139_0": 0.0, "9_Sesame_receipt_00139_0": 0.0, "10_Toast_receipt_00139_0": 0.0, "0_BIENTOT_285_2": 0.0, "1_MERCI_285_2": 0.0, "2_DE_285_2": 0.0, "3_VOTRE_285_2": 0.0, "4_VISITE_285_2": 0.0, "5_0012_285_2": 0.0, "6_004_285_2": 0.0, "7_20/01/2017_285_2": 0.0, "8_12:48:33_285_2": 0.0, "9_000111_285_2": 0.0, "0_QTE_508_0": 1.0, "1_DESCRIPTION_508_0": 0.0, "2_MONTANT_508_0": 0.2857142857142857, "3_Gargot_508_0": 0.0, "4_Aytre._508_0": 0.16666666666666666, "5_Rue_508_0": 0.0, "6_Nicolas_508_0": 0.0, "7_17440_508_0": 0.0, "8_Dimanche_508_0": 0.0, "9_9h_508_0": 0.5, "10_a_508_0": 0.0, "11_12h30_508_0": 0.0, "12_Lundi_508_0": 0.0, "13_au_508_0": 0.0, "14_Samedi_508_0": 0.0, "15_20h00_508_0": 0.0, "16_de_508_0": 0.0, "17_9h_508_0": 0.5, "18_a_508_0": 0.0, "19_:_508_0": 1.0, "20_Tel_508_0": 0.0, "21_0546457320_508_0": 0.0, "22_Carrefour_508_0": 0.0, "23_market_508_0": 0.0, "24_AYTRE_508_0": 0.0, "0_X-CREAM_672_0": 0.2857142857142857, "1_BOUNTY_672_0": 0.0, "2_3.20_672_0": 1.0, "3_XXL_672_0": 0.6666666666666666, "4_DOUBLE_672_0": 0.0, "5_BAC_672_0": 0.3333333333333333, "6_CHS_672_0": 0.0, "7_6.20_672_0": 0.0, "8_EMPORTER_672_0": 0.0, "9_SIRET:_672_0": 0.16666666666666666, "10_808_672_0": 0.3333333333333333, "11_944_672_0": 0.0, "12_110_672_0": 0.3333333333333333, "13_00010_672_0": 0.0, "14_17000_672_0": 0.0, "15_LA_672_0": 0.5, "16_ROCHELLE_672_0": 0.0, "17_BECQUEREL_672_0": 0.0, "18_AVENUE_672_0": 0.0, "19_HENRI_672_0": 0.2, "20_LES_672_0": 0.0, "21_MINIMES_672_0": 0.2857142857142857, "22_#24111_672_0": 0.0, "23_BURGER_672_0": 0.0, "24_KING_672_0": 0.0, "0_PURCHASED:_receipt_00748_1": 0.7, "1_ITEMS_receipt_00748_1": 1.0, "2_11_receipt_00748_1": 1.0, "3_Total_receipt_00748_1": 0.6, "4_Hero_receipt_00748_1": 0.75, "5_127,678_receipt_00748_1": 1.0, "6_Card_receipt_00748_1": 1.0, "7_Debit_receipt_00748_1": 1.0, "8_127,678_receipt_00748_1": 0.7142857142857143, "9_SUBTOTAL_receipt_00748_1": 0.75, "10_127,678_receipt_00748_1": 1.0, "11_C/CHA_receipt_00748_1": 1.0, "12_MINIS_receipt_00748_1": 0.4, "13_6,700_receipt_00748_1": 0.6, "14_DELFI_receipt_00748_1": 0.6, "15_2818707_receipt_00748_1": 1.0, "16_50_receipt_00748_1": 1.0, "17_13,500_receipt_00748_1": 0.3333333333333333, "18_MONTES_receipt_00748_1": 0.5, "19_S/QUEEN_receipt_00748_1": 0.8571428571428571, "20_2884986_receipt_00748_1": 1.0, "21_13,500_receipt_00748_1": 0.5, "22_50_receipt_00748_1": 1.5, "23_MONTES_receipt_00748_1": 0.3333333333333333, "24_S/QUEEN_receipt_00748_1": 0.8571428571428571, "25_2884986_receipt_00748_1": 1.0, "26_6,200_receipt_00748_1": 0.8, "27_PLS_receipt_00748_1": 0.6666666666666666, "28_4_receipt_00748_1": 1.0, "29_ACTIV_receipt_00748_1": 1.0, "30_1441671_receipt_00748_1": 1.0, "31_GOLIA_receipt_00748_1": 0.8, "32_15,232-_receipt_00748_1": 0.8571428571428571, "33_LEMON_receipt_00748_1": 0.8, "34_JERUK_receipt_00748_1": 0.8, "35_IMP_receipt_00748_1": 1.0, "36_IMP_receipt_00748_1": 1.0, "37_44,710_receipt_00748_1": 1.0, "38_JERUK_receipt_00748_1": 0.8, "39_LEMON_receipt_00748_1": 0.8, "40_0,896X_receipt_00748_1": 1.0, "41_49,900_receipt_00748_1": 1.0, "42_RICHOCO_receipt_00748_1": 0.8571428571428571, "43_P125G_receipt_00748_1": 1.0, "44_WFR_receipt_00748_1": 1.0, "45_CH_receipt_00748_1": 1.0, "46_2,500-_receipt_00748_1": 1.0, "47_3041308_receipt_00748_1": 1.0, "48_RICHOCO_receipt_00748_1": 0.7142857142857143, "49_WFR_receipt_00748_1": 0.6666666666666666, "50_CH_receipt_00748_1": 0.5, "51_8,600_receipt_00748_1": 1.0, "52_P1_receipt_00748_1": 1.0, "53_RICHEESE_receipt_00748_1": 0.375, "54_WFR_receipt_00748_1": 1.3333333333333333, "55_KJ_receipt_00748_1": 1.0, "56_P125_receipt_00748_1": 1.0, "57_1,200-_receipt_00748_1": 0.8333333333333334, "58_3041307_receipt_00748_1": 1.0, "59_RICHEESE_receipt_00748_1": 0.875, "60_WFR_receipt_00748_1": 0.6666666666666666, "61_KJ_receipt_00748_1": 1.0, "62_P_receipt_00748_1": 1.0, "63_7,500_receipt_00748_1": 0.8, "64_2850216_receipt_00748_1": 1.0, "65_NICE_receipt_00748_1": 0.75, "66_TRAVEL_receipt_00748_1": 0.5, "67_PACK_receipt_00748_1": 0.75, "68_2,700_receipt_00748_1": 1.0, "69_0856923_receipt_00748_1": 1.0, "70_FORMULA_receipt_00748_1": 0.5714285714285714, "71_S/P_receipt_00748_1": 1.0, "72_P_receipt_00748_1": 1.0, "73_11,400_receipt_00748_1": 0.5, "74_PPSODENT_receipt_00748_1": 0.875, "75_TP_receipt_00748_1": 1.0, "76_WHTNG190_receipt_00748_1": 0.75, "77_5,200-_receipt_00748_1": 0.3333333333333333, "78_2063314_receipt_00748_1": 0.8571428571428571, "79_PPSODENT_receipt_00748_1": 1.0, "80_TP_receipt_00748_1": 1.0, "81_WHTNG_receipt_00748_1": 1.0, "82_16,600_receipt_00748_1": 0.16666666666666666, "83_2796731_receipt_00748_1": 1.0, "84_MITU_receipt_00748_1": 1.0, "85_S/C_receipt_00748_1": 1.0, "86_BLUE_receipt_00748_1": 1.0, "87_GIANT_receipt_00748_1": 1.0, "88_14,200_receipt_00748_1": 0.6666666666666666, "89_FCL_receipt_00748_1": 1.0, "90_TISSUE_receipt_00748_1": 1.0, "91_200_receipt_00748_1": 1.0, "92_GIANT_receipt_00748_1": 1.0, "93_3,500-_receipt_00748_1": 1.0, "94_FCL_receipt_00748_1": 1.0, "95_TISSUE_receipt_00748_1": 1.0, "96_9,500_receipt_00748_1": 1.0, "0_52,000_receipt_00221_1": 0.16666666666666666, "1_SPREAD_receipt_00221_1": 0.16666666666666666, "2_1_receipt_00221_1": 0.0, "3_WHITE_receipt_00221_1": 0.0, "4_CHOCO_receipt_00221_1": 0.8, "5_BANANA_receipt_00221_1": 0.16666666666666666, "0_1_receipt_00717_0": 1.0, "1_Extra_receipt_00717_0": 0.0, "2_Jelly_receipt_00717_0": 0.2, "3_Lychee_receipt_00717_0": 0.0, "4_5,000_receipt_00717_0": 0.2, "5_XXI_receipt_00717_0": 0.3333333333333333, "6_1_receipt_00717_0": 1.0, "7_Java_receipt_00717_0": 0.25, "8_Tea_receipt_00717_0": 0.0, "9_Spc_receipt_00717_0": 0.3333333333333333, "10_25.000_receipt_00717_0": 0.0, "11_Coke_receipt_00717_0": 0.0, "12_(L)_receipt_00717_0": 1.0, "13_1_receipt_00717_0": 1.0, "14_25.000_receipt_00717_0": 0.0, "0_ _receipt_00568_0": 2.0, "0_MONTANT_514_0": 0.14285714285714285, "1_QTE_514_0": 1.0, "2_DESCRIPTIOE_514_0": 0.09090909090909091, "3_Gargot_514_0": 0.0, "4_Aytre._514_0": 0.3333333333333333, "5_17440_514_0": 0.0, "6_Rue_514_0": 0.0, "7_Nicolas_514_0": 0.0, "8_12h30_514_0": 0.0, "9_Dimanche_514_0": 0.0, "10_9h_514_0": 0.5, "11_a_514_0": 1.0, "12_20h00_514_0": 0.0, "13_Lundi_514_0": 0.8, "14_au_514_0": 0.0, "15_Samedi_514_0": 0.0, "16_de_514_0": 0.0, "17_9h_514_0": 0.5, "18_a_514_0": 0.0, "19_:_514_0": 1.0, "20_Tel_514_0": 0.0, "21_0546457320_514_0": 0.0, "22_Carrefour_514_0": 0.0, "23_market_514_0": 0.0, "24_AYTRE_514_0": 0.0, "0_DESCRIPTION_594_0": 0.0, "1_QTE_594_0": 0.3333333333333333, "2_MONTANT_594_0": 0.2857142857142857, "3_:_594_0": 1.0, "4_Tel_594_0": 0.0, "5_45000_594_0": 0.0, "6_ORLEANS_594_0": 0.0, "7_DE_594_0": 0.0, "8_BOURGOGNE_594_0": 0.0, "9_294_594_0": 0.0, "10_RUE_594_0": 0.0, "11_ORLEANS_594_0": 0.0, "12_BOURGOGNE_594_0": 0.0, "13_CRF_594_0": 0.0, "14_EXP_594_0": 0.0, "0_DESCRIPTION_297_0": 0.09090909090909091, "1_QTE_297_0": 1.0, "2_MONTANT_297_0": 0.14285714285714285, "3_:_297_0": 2.0, "4_Tel_297_0": 0.0, "5_17000_297_0": 0.2, "6_LA_297_0": 0.5, "7_ROCHELLE_297_0": 0.0, "8_33_297_0": 0.0, "9_RUE_297_0": 0.0, "10_DE_297_0": 0.0, "11_LA_297_0": 0.0, "12_SCIERIE_297_0": 0.0, "13_CRF-CITY_297_0": 0.0, "14_LA_297_0": 0.5, "15_ROCHELLE_297_0": 0.0, "0_A_342_2": 0.0, "1_BIENTOT_342_2": 0.0, "0_carte_776_3": 0.2, "1_E.L.eclerc_776_3": 0.2, "2_Alvec_776_3": 0.6, "3_la_776_3": 0.5, "4_2.63_776_3": 0.0, "5_15.86_776_3": 0.2, "6_20%00_776_3": 0.0, "7_13.23_776_3": 0.0, "8_27.68_776_3": 0.0, "9_26.25_776_3": 0.0, "10_1.43_776_3": 0.0, "11_5%50_776_3": 0.25, "12_TTC_776_3": 1.0, "13_HT_776_3": 0.5, "14_TVA_776_3": 1.0, "15_Code_776_3": 0.0, "16_0.00_776_3": 0.0, "17_Rendu_776_3": 0.2, "18_43.54_776_3": 0.0, "19_CB_776_3": 0.5, "20_43.54_776_3": 0.0, "21_Total_776_3": 0.0, "22_32_776_3": 1.0, "23_articles_776_3": 0.25, "24_2_776_3": 0.0, "25_CREVETTES_776_3": 0.0, "26_60/80_776_3": 0.0, "27_4.18_776_3": 0.0, "28_ROSES_776_3": 1.0, "29_POISSON,_776_3": 0.125, "30_SAURISSERIE_776_3": 0.09090909090909091, "0_J'OPTIMISME_208_1": 0.09090909090909091, "1_10.01.17_208_1": 0.0, "2_0079_208_1": 0.0, "3_18:01_208_1": 0.0, "4_217_208_1": 0.3333333333333333, "5_0045_208_1": 0.25, "6_03_208_1": 0.0, "7_Bancaires_208_1": 0.0, "8_6,13_208_1": 0.25, "9_2_208_1": 0.0, "10_ARTICLES_208_1": 0.0, "11_TOTAL_208_1": 0.0, "12_A_208_1": 0.0, "13_PAYER_208_1": 0.0, "14_6,13_208_1": 0.25, "15_Total_208_1": 0.0, "16_Alimentaire_208_1": 0.0, "17_6,13_208_1": 0.25, "18_CEREALES_208_1": 0.0, "19_4_208_1": 0.0, "20_XTREM_208_1": 0.0, "21_CHO_208_1": 0.0, "22_3,08_208_1": 0.25, "0_DESCRIPTION_24_0": 0.0, "1_QTE_24_0": 0.0, "2_NONTANT_24_0": 0.2857142857142857, "3_Tel_24_0": 0.0, "4_17000_24_0": 0.0, "5_LA_24_0": 0.0, "6_ROCHELLE_24_0": 0.0, "7_33_24_0": 0.0, "8_RUE_24_0": 0.0, "9_DE_24_0": 0.0, "10_LA_24_0": 0.0, "11_SCIERIE_24_0": 0.14285714285714285, "12_CRF-CITY_24_0": 0.0, "13_LA_24_0": 0.0, "14_ROCHELLE_24_0": 0.0, "0_ _receipt_00337_0": 8.0, "0_2X_receipt_00407_0": 1.0, "1_@9000_receipt_00407_0": 0.6, "2_-9,000_receipt_00407_0": 0.16666666666666666, "3_AMOUNT_receipt_00407_0": 0.16666666666666666, "4_DISC_receipt_00407_0": 0.75, "5_ITEM_receipt_00407_0": 0.5, "6_-30.000%_receipt_00407_0": 0.125, "7_LAPIS_receipt_00407_0": 0.0, "8_SINGAPUR_receipt_00407_0": 0.0, "9_30,000_receipt_00407_0": 0.0, "10_@ 15000_receipt_00407_0": 0.2857142857142857, "11_2X_receipt_00407_0": 1.0, "0_Menu_receipt_00385_1": 0.75, "1_Item(s)_receipt_00385_1": 0.42857142857142855, "2_6_receipt_00385_1": 1.0, "3_Total_receipt_00385_1": 0.0, "4_Tax_receipt_00385_1": 0.0, "5_24,450_receipt_00385_1": 0.16666666666666666, "6_Sub_receipt_00385_1": 1.0, "7_Total_receipt_00385_1": 0.0, "8_244,500_receipt_00385_1": 0.14285714285714285, "9_ICE_receipt_00385_1": 0.6666666666666666, "10_1.0_receipt_00385_1": 1.0, "11_MOCCA_receipt_00385_1": 0.6, "12_CREAM_receipt_00385_1": 0.2, "13_15,000_receipt_00385_1": 0.0, "14_2.0_receipt_00385_1": 1.0, "15_CHOCOLATE_receipt_00385_1": 0.1111111111111111, "16_ICE_receipt_00385_1": 0.6666666666666666, "17_30,000_receipt_00385_1": 0.0, "18_CREAM_receipt_00385_1": 0.2, "19_1.0_receipt_00385_1": 1.0, "20_BOKKEPOOTJES_receipt_00385_1": 0.16666666666666666, "21_104,000_receipt_00385_1": 0.0, "0_Vignette(s)_253_4": 0.0, "1_operation_253_4": 0.0, "2_par_253_4": 0.0, "3_5.0_253_4": 0.0, "4_vous_253_4": 0.0, "5_avez_253_4": 0.0, "6_cumule_253_4": 0.0, "7_Bravo_253_4": 0.2, "8_BIENTOT_253_4": 0.0, "9_A_253_4": 0.0, "10_visite_253_4": 0.0, "11_votre_253_4": 0.0, "12_remercie_253_4": 0.0, "13_de_253_4": 0.0, "14_Vous_253_4": 0.0, "15_AYTRE_253_4": 0.0, "16_CARREFOUR_253_4": 0.0, "17_MARKET_253_4": 0.0, "0_Tendered:_receipt_00648_1": 0.3333333333333333, "1_Rp_receipt_00648_1": 0.5, "2_9.500,00_receipt_00648_1": 0.375, "3_Cash_receipt_00648_1": 0.25, "4_Total._receipt_00648_1": 0.0, "5_Rp_receipt_00648_1": 1.0, "6_9.500,00_receipt_00648_1": 0.375, "7_Total_receipt_00648_1": 0.4, "8_Item:_receipt_00648_1": 0.8, "9_1_receipt_00648_1": 1.0, "10_Rp_receipt_00648_1": 1.0, "11_9.500,00_receipt_00648_1": 0.5, "12_Rp_receipt_00648_1": 1.0, "13_x1_receipt_00648_1": 1.0, "14_9.500,00_receipt_00648_1": 0.5, "15_2005-CHEESE_receipt_00648_1": 1.0, "16_JOHN_receipt_00648_1": 1.0, "0_Market_590_2": 0.0, "1_PONT_590_2": 0.0, "2_L'ABBE_590_2": 0.3333333333333333, "3_Carrefour_590_2": 0.0, "4_000214_590_2": 0.0, "5_08/04/2017_590_2": 0.0, "6_19:08:32_590_2": 0.0, "7_0110_590_2": 0.0, "8_004_590_2": 0.0, "9_2.40_590_2": 0.0, "10_Totaux:_590_2": 0.0, "11_41.74_590_2": 1.0, "12_0.18_590_2": 0.0, "13_0.92_590_2": 0.0, "14_7>20.00_590_2": 0.14285714285714285, "15_2.22_590_2": 0.0, "16_40.35_590_2": 0.0, "17_6>_590_2": 0.5, "18_5.50_590_2": 0.0, "19_Hors_590_2": 0.0, "20_Taxe_590_2": 0.0, "21_Taux_590_2": 0.0, "22_TVA._590_2": 0.75, "23_EUR_590_2": 0.0, "24_CARTE_590_2": 0.0, "25_BANCAIRE_590_2": 0.125, "26_EMV_590_2": 0.0, "27_\u20ac_590_2": 0.0, "28_41.74_590_2": 0.0, "29_41.74\u20ac_590_2": 0.3333333333333333, "30_ARTICLE(S)_590_2": 0.0, "31_TOTAL_590_2": 0.0, "32_A_590_2": 0.0, "33_PAYER_590_2": 0.0, "34_12_590_2": 0.0, "0_SUB TOTAL_receipt_00384_0": 0.1111111111111111, "1_26,000_receipt_00384_0": 0.3333333333333333, "2_x_receipt_00384_0": 0.0, "3_26,000_receipt_00384_0": 0.16666666666666666, "4_1_receipt_00384_0": 1.0, "5_26,000_receipt_00384_0": 0.16666666666666666, "0_+Ice_receipt_00276_0": 1.0, "1_19.000_receipt_00276_0": 0.16666666666666666, "2_+S_receipt_00276_0": 1.0, "3_Latte_receipt_00276_0": 0.0, "4_Viet_receipt_00276_0": 0.0, "5_1_receipt_00276_0": 2.0, "0_43,26_583_1": 0.0, "1_Alimentaire_583_1": 0.0, "2_Total_583_1": 0.0, "3_3,25_583_1": 0.25, "4_4_583_1": 1.0, "5_FROMAGE_583_1": 0.0, "6_BLANC_583_1": 0.2, "7_2,_583_1": 0.5, "8_8%_583_1": 0.5, "9_5L_583_1": 0.5, "10_7,90_583_1": 0.5, "11_BIB_583_1": 0.3333333333333333, "12_VIN_583_1": 0.0, "13_ESP_583_1": 0.0, "14_RG_583_1": 0.5, "15_50CL_583_1": 0.25, "16_SHAKER_583_1": 0.0, "17_ECHALO_583_1": 0.16666666666666666, "18_4_583_1": 1.0, "19_4.50_583_1": 0.0, "20_1,27_583_1": 0.25, "21_*PHILADELPHIA_583_1": 0.0, "22_LIGHT_583_1": 0.0, "23_4_583_1": 1.0, "24_LAYS_583_1": 0.25, "25_CHIPS_583_1": 0.0, "26_PAYSANN_583_1": 0.0, "27_3.65_583_1": 0.0, "28_2,48_583_1": 0.0, "29_4_583_1": 1.0, "30_MUSEAU_583_1": 0.16666666666666666, "31_PORC_583_1": 0.0, "32_4_583_1": 1.0, "33_5,95_583_1": 0.5, "34_BOCAL_583_1": 0.0, "35_BOEUF_583_1": 0.0, "36_AGNEAU_583_1": 0.5, "37_SECHE_583_1": 0.0, "38_COUVERTS_583_1": 0.0, "39_1,90_583_1": 0.25, "40_4_583_1": 1.0, "41_PAIN_583_1": 0.0, "42_AUX_583_1": 0.0, "43_RAISINS_583_1": 0.0, "44_X_583_1": 1.0, "45_5.30_583_1": 0.0, "46_POULET_583_1": 0.0, "47_CERTIFIE_583_1": 0.0, "48_6,95_583_1": 0.0, "49_4_583_1": 1.0, "50_4_583_1": 1.0, "51_PANACH._583_1": 0.0, "52_POUSS_583_1": 0.0, "53_1,80_583_1": 0.25, "54_JEUNE_583_1": 0.0, "55_8X125G_583_1": 0.16666666666666666, "56_3.75_583_1": 0.0, "57_4_583_1": 1.0, "58_PANIER_583_1": 0.0, "59_0%_583_1": 0.5, "60_4_583_1": 1.0, "61_BUCHE_583_1": 0.0, "62_DE_583_1": 0.0, "63_1,59_583_1": 0.25, "64_CHEVRE_583_1": 0.16666666666666666, "65_200G_583_1": 0.25, "66_NEUFCHAT._583_1": 0.0, "67_4_583_1": 1.0, "68_AOP_583_1": 0.3333333333333333, "69_5.37_583_1": 0.0, "0_BIENTOT_441_1": 0.0, "1_A_441_1": 0.0, "2_MERCI_441_1": 0.0, "3_DE_441_1": 0.0, "4_VOTRE_441_1": 0.0, "5_VISITE_441_1": 0.0, "6_002_441_1": 0.0, "7_0005_441_1": 0.0, "8_000255_441_1": 0.16666666666666666, "9_25/03/2017_441_1": 0.0, "10_18:21:53_441_1": 0.125, "11_Votre_441_1": 0.0, "12_Monnaie_441_1": 0.0, "13_-1.77\u20ac_441_1": 0.3333333333333333, "14_ESPECES_441_1": 0.0, "15_EUR_441_1": 0.0, "16_5.00\u20ac_441_1": 0.4, "17_1_441_1": 0.0, "18_ARTICLE_441_1": 0.0, "19_(S)_441_1": 1.0, "20_TOTAL_441_1": 0.8, "21_A_441_1": 0.0, "22_PAYER_441_1": 0.0, "23_3.23\u20ac_441_1": 0.4, "24_*190G_441_1": 0.6, "25_SDW_441_1": 1.0, "26_TR._441_1": 0.0, "27_JBN_441_1": 0.3333333333333333, "28_C_441_1": 0.0, "29_3.23\u20ac_441_1": 0.4, "30_DESCRIPTION_441_1": 0.0, "31_QTE_441_1": 1.0, "32_MONTANT_441_1": 0.14285714285714285, "0_KEMBALI_receipt_00253_1": 0.14285714285714285, "1_25,000_receipt_00253_1": 0.16666666666666666, "2_NON_receipt_00253_1": 0.3333333333333333, "3_TUNAI_receipt_00253_1": 0.4, "4_0_receipt_00253_1": 0.0, "5_TUNAI_receipt_00253_1": 0.2, "6_100,000_receipt_00253_1": 0.14285714285714285, "7_TOTAL_receipt_00253_1": 0.0, "8_75,000_receipt_00253_1": 0.16666666666666666, "9_PEMBULATAN_receipt_00253_1": 0.1, "10_2_receipt_00253_1": 0.0, "11_BIAYA_receipt_00253_1": 0.2, "12_CC_receipt_00253_1": 1.0, "13_0_receipt_00253_1": 0.0, "0_:_X51005447844_0": 1.0, "1_23/2/2018_X51005447844_0": 0.0, "2_20:04:08_X51005447844_0": 0.0, "3_Date_X51005447844_0": 0.0, "4_POS_X51005447844_0": 0.0, "5_2_X51005447844_0": 0.0, "6_:8884_X51005447844_0": 0.2, "7_Invoice_X51005447844_0": 0.0, "8_INVOICE_X51005447844_0": 0.0, "9_57000_X51005447844_0": 0.0, "10_KL_X51005447844_0": 0.0, "11_SG_X51005447844_0": 0.0, "12_BESI_X51005447844_0": 0.25, "13_MEDAN_X51005447844_0": 0.0, "14_NIAGA_X51005447844_0": 0.0, "15_DAMAI_X51005447844_0": 0.2, "16_13,_X51005447844_0": 0.3333333333333333, "17_IASIK_X51005447844_0": 0.2, "18_UTAMA_X51005447844_0": 0.0, "19_8_X51005447844_0": 0.0, "20_JLN_X51005447844_0": 0.3333333333333333, "21_HOUSE_X51005447844_0": 0.0, "22_JIAWEI_X51005447844_0": 0.16666666666666666, "23_JIAWEI_X51005447844_0": 0.3333333333333333, "0_ _receipt_00786_0": 1.0, "0_6%_X51005444045_1": 1.0, "1_.65_X51005444045_1": 0.3333333333333333, "2_s=_X51005444045_1": 0.5, "3_10.75_X51005444045_1": 0.2, "4_SUmmary_X51005444045_1": 0.2857142857142857, "5_GST_X51005444045_1": 1.0, "6_Amount(RM)_X51005444045_1": 0.2, "7_Tax(RM)_X51005444045_1": 0.14285714285714285, "8_.00_X51005444045_1": 0.0, "9_CHANGE_X51005444045_1": 0.0, "10_RM_X51005444045_1": 0.5, "11_11.40_X51005444045_1": 0.0, "12_CASH_X51005444045_1": 0.75, "13_RM_X51005444045_1": 0.0, "14_Sales_X51005444045_1": 0.0, "15_(Inclusive_X51005444045_1": 0.1, "16_GST)_X51005444045_1": 0.25, "17_RM_X51005444045_1": 0.5, "18_11.40_X51005444045_1": 0.0, "19_Total_X51005444045_1": 0.0, "20_RK11.40_X51005444045_1": 0.0, "21_SUNQUICK_X51005444045_1": 0.0, "22_840ML_X51005444045_1": 0.4, "23_s_X51005444045_1": 0.0, "24_103_X51005444045_1": 0.0, "25_OREN_X51005444045_1": 0.0, "26_19-03-18_X51005444045_1": 0.0, "27_09:06PM_X51005444045_1": 0.2857142857142857, "28_569547_X51005444045_1": 0.16666666666666666, "29_INVOICE_X51005444045_1": 0.0, "30_NO_X51005444045_1": 1.0, "31_:_X51005444045_1": 1.0, "0_:_167_0": 1.0, "1_Tel_167_0": 0.0, "2_17000_167_0": 0.2, "3_ROCHELLE_167_0": 0.0, "4_33_167_0": 0.0, "5_RUE_167_0": 0.0, "6_DE_167_0": 0.0, "7_LA_167_0": 0.0, "8_SCIERIE_167_0": 0.0, "9_CRF-CITY_167_0": 0.0, "10_LA_167_0": 0.0, "11_ROCHELLE_167_0": 0.0, "0_QTE_95_0": 0.0, "1_MONTANT_95_0": 0.2857142857142857, "2_DESCRIPTION_95_0": 0.0, "3_Tel_95_0": 0.6666666666666666, "4_ROCHELLE_95_0": 0.0, "5_17000_95_0": 0.0, "6_LA_95_0": 0.5, "7_RUE_95_0": 0.0, "8_DE_95_0": 0.0, "9_SCIERIE_95_0": 0.14285714285714285, "10_33_95_0": 0.5, "11_LA_95_0": 0.0, "12_ROCHELLE_95_0": 0.0, "13_CRF-CITY_95_0": 0.0, "14_LA_95_0": 0.0, "0_Cashier_X00016469622_0": 0.42857142857142855, "1_USER_X00016469622_0": 0.0, "2_Time_X00016469622_0": 0.0, "3_12_X00016469622_0": 0.0, "4_31_X00016469622_0": 1.5, "5_00_X00016469622_0": 0.0, "6_Doc_X00016469622_0": 0.3333333333333333, "7_No_X00016469622_0": 0.5, "8_Date_X00016469622_0": 0.0, "9_CS00031663_X00016469622_0": 0.3, "10_25/12/2018_X00016469622_0": 0.6, "11_CASH_X00016469622_0": 0.0, "12_SIMPLIFIED_X00016469622_0": 0.0, "13_INVOICE_X00016469622_0": 0.0, "14_TAX_X00016469622_0": 0.0, "15_GST_X00016469622_0": 0.3333333333333333, "16_ID_X00016469622_0": 1.0, "17_000849813504_X00016469622_0": 0.0, "18_TEL_X00016469622_0": 0.0, "19_07-3523888_X00016469622_0": 0.0, "20_81100_X00016469622_0": 0.2, "21_JOHOR_X00016469622_0": 0.0, "22_BAHRU_X00016469622_0": 0.0, "23_NO.122,124._X00016469622_0": 0.2727272727272727, "24_JALAN_X00016469622_0": 0.0, "25_DEDAP_X00016469622_0": 0.2, "26_13_X00016469622_0": 0.5, "27_(JM0517726)_X00016469622_0": 0.2727272727272727, "28_YONGFATT_X00016469622_0": 0.0, "29_yanh_X00016469622_0": 0.25, "30_woon_X00016469622_0": 0.0, "31_tan_X00016469622_0": 0.0, "0_BIENTOT_314_2": 0.0, "0_ _receipt_00167_0": 2.0, "0_A_385_2": 1.0, "1_BIENTOT_385_2": 0.0, "2_MERCI_385_2": 0.0, "3_DE_385_2": 0.0, "4_VOTRE_385_2": 0.0, "5_VISITE_385_2": 0.0, "6_004_385_2": 0.3333333333333333, "7_000321_385_2": 0.0, "8_0004_385_2": 0.0, "9_27/04/2017_385_2": 0.0, "10_19:33:40_385_2": 0.0, "11_produits_385_2": 0.0, "12_15%_385_2": 0.0, "13_Carrefou_385_2": 0.125, "14_0.08\u20ac_385_2": 0.4, "15_Details:_385_2": 0.0, "16_compte_385_2": 0.0, "17_votre_385_2": 0.0, "18_fidelite_385_2": 0.0, "19_Carrefour._385_2": 0.0, "20_auriez_385_2": 0.0, "21_vous_385_2": 0.0, "22_cumule_385_2": 0.0, "23_0.08\u20ac_385_2": 0.4, "24_sur_385_2": 0.0, "25_fidelite,_385_2": 0.0, "26_aviez_385_2": 0.0, "27_la_385_2": 0.5, "28_carte_385_2": 0.0, "0_CASH_receipt_00468_1": 0.0, "1_167.000_receipt_00468_1": 0.14285714285714285, "2_1_receipt_00468_1": 0.0, "3_10.000_receipt_00468_1": 0.16666666666666666, "4_10.000_receipt_00468_1": 0.0, "5_Es_receipt_00468_1": 0.0, "6_Teh_receipt_00468_1": 0.0, "7_Manis_receipt_00468_1": 0.2, "0_CB_521_1": 0.0, "1_EMV_521_1": 0.0, "2_SANS_521_1": 0.0, "3_CONTACT_521_1": 0.0, "4_EUR_521_1": 0.0, "5_14.60\u20ac_521_1": 0.3333333333333333, "6_8_521_1": 0.0, "7_(S)_521_1": 0.3333333333333333, "8_ARTICLE_521_1": 0.0, "9_TOTAL_521_1": 0.2, "10_A_521_1": 0.0, "11_PAYER_521_1": 0.0, "12_14.60\u20ac_521_1": 0.3333333333333333, "13_OSEILLE/RIZ_521_1": 0.0, "14_*SAUMON_521_1": 0.2857142857142857, "15_4.18\u20ac_521_1": 0.4, "16_*POULET_521_1": 0.0, "17_CHAMP_521_1": 0.2, "18_NOIR_521_1": 0.25, "19_3.65\u20ac_521_1": 0.4, "20_0.148kg_521_1": 0.14285714285714285, "21_2.20\u20ac/kg_521_1": 0.375, "22_x_521_1": 0.0, "23_*F_521_1": 1.0, "24_BANANE_521_1": 0.0, "25_0.33\u20ac_521_1": 0.4, "26_*80G_521_1": 0.5, "27_CHOC_521_1": 0.5, "28_NOIR_521_1": 0.25, "29_80%_521_1": 0.3333333333333333, "30_3x_521_1": 0.5, "31_1.08_521_1": 0.0, "32_3.24\u20ac_521_1": 0.4, "33_*200G_521_1": 0.4, "34_CAROTTE_521_1": 0.0, "35_RAPE_521_1": 0.0, "36_BI_521_1": 0.5, "37_2x_521_1": 0.5, "38_1.60_521_1": 0.0, "39_3.20\u20ac_521_1": 0.4, "40_DESCRIPTION_521_1": 0.0, "41_QTE_521_1": 0.3333333333333333, "42_MONTANT_521_1": 0.2857142857142857, "0_ _receipt_00719_0": 2.0, "0_Kembalian_receipt_00541_1": 0.0, "1_0_receipt_00541_1": 1.0, "2_30000_receipt_00541_1": 0.2, "3_Tunai_receipt_00541_1": 0.0, "4_30000_receipt_00541_1": 0.0, "5_Sub_receipt_00541_1": 0.0, "6_Total_receipt_00541_1": 0.4, "0_CHANGED_receipt_00292_1": 0.0, "1_0_receipt_00292_1": 2.0, "2_CASH_receipt_00292_1": 0.0, "3_40.000_receipt_00292_1": 0.0, "4_TOTAL_receipt_00292_1": 0.0, "5_1_receipt_00292_1": 0.0, "6_Popcorn_receipt_00292_1": 0.0, "7_Salt_receipt_00292_1": 0.25, "8_(S)._receipt_00292_1": 0.75, "9_20.000_receipt_00292_1": 0.0, "10_2_receipt_00292_1": 0.0, "11_Mineral_receipt_00292_1": 0.0, "12_Water_receipt_00292_1": 0.0, "13_(S)._receipt_00292_1": 0.75, "14_20.000_receipt_00292_1": 0.16666666666666666, "0_ _722_5": 2.0, "0_BIENTOT_29_1": 0.0, "1_MERCI_29_1": 0.0, "2_DE_29_1": 0.0, "3_VOTRE_29_1": 0.0, "4_VISITE_29_1": 0.0, "5_003_29_1": 0.0, "6_000217_29_1": 0.3333333333333333, "7_18/02/2017_29_1": 0.0, "8_20:27:59_29_1": 0.0, "9_CARTE_29_1": 0.0, "10_BANCAIRE_29_1": 0.0, "11_EMV_29_1": 0.3333333333333333, "12_EUR_29_1": 0.0, "13_7.27\u20ac_29_1": 0.6, "14_2_29_1": 0.0, "15_AITICLE_29_1": 0.0, "16_(S)_29_1": 0.6666666666666666, "17_TOTAL_29_1": 0.8, "18_A_29_1": 0.0, "19_PAYER_29_1": 0.0, "20_7.27\u20ac_29_1": 0.4, "21_CAE_29_1": 0.6666666666666666, "22_*75_29_1": 0.6666666666666666, "23_ANJ_29_1": 0.3333333333333333, "24_RSE_29_1": 0.0, "25_MDD_29_1": 1.0, "26_4.15\u20ac_29_1": 0.4, "27_*200G_29_1": 0.6, "28_CHOKOBONS_29_1": 0.1111111111111111, "29_KI_29_1": 0.0, "30_3.12\u20ac_29_1": 0.4, "31_DESCRIPTION_29_1": 0.09090909090909091, "32_QTE_29_1": 1.0, "33_MONTANT_29_1": 0.2857142857142857, "0_CHANGE_receipt_00132_1": 0.16666666666666666, "1_0.00_receipt_00132_1": 0.25, "2_TOTAL_receipt_00132_1": 0.0, "3_BAYAR_receipt_00132_1": 0.0, "4_117,999.00_receipt_00132_1": 0.1, "5_GRAND_receipt_00132_1": 0.0, "6_TOTAL_receipt_00132_1": 0.0, "7_117,999.00_receipt_00132_1": 0.0, "8_TAX_receipt_00132_1": 0.0, "9_10,727.00_receipt_00132_1": 0.2222222222222222, "10_DISCOUNT_receipt_00132_1": 0.0, "11_0.00_receipt_00132_1": 0.25, "12_TOTAL_receipt_00132_1": 0.0, "13_107,272.00_receipt_00132_1": 0.1, "14_53,636.00_receipt_00132_1": 0.0, "15_1_receipt_00132_1": 1.0, "16_53,636.00_receipt_00132_1": 0.7777777777777778, "17_Egg_receipt_00132_1": 0.0, "18_ZAI.Milk_receipt_00132_1": 0.5, "19_Choco_receipt_00132_1": 0.0, "20_Frozen_receipt_00132_1": 0.0, "21_60gr_receipt_00132_1": 0.5, "22_53,636.00_receipt_00132_1": 0.2222222222222222, "23_1_receipt_00132_1": 0.0, "24_53,636.00_receipt_00132_1": 0.4444444444444444, "0_ _receipt_00424_0": 1.0, "0_TOTAL_receipt_00343_1": 0.0, "1_185,394_receipt_00343_1": 0.0, "2_PB1_receipt_00343_1": 0.3333333333333333, "3_10%_receipt_00343_1": 0.0, "4_16,854_receipt_00343_1": 0.0, "5_SVC_receipt_00343_1": 1.0, "6_CHG_receipt_00343_1": 0.0, "7_6%_receipt_00343_1": 0.0, "8_9,540_receipt_00343_1": 0.0, "9_SUBTTL_receipt_00343_1": 0.0, "10_159,000_receipt_00343_1": 0.14285714285714285, "11_1_receipt_00343_1": 0.0, "12_ORIGINAL_receipt_00343_1": 0.0, "13_BREWED_receipt_00343_1": 0.0, "14_TEA_receipt_00343_1": 0.0, "15_23,000_receipt_00343_1": 0.0, "16_1_receipt_00343_1": 0.0, "17_PRAWN_receipt_00343_1": 0.2, "18_&_receipt_00343_1": 0.0, "19_SPINACH_receipt_00343_1": 0.0, "20_PASTA_receipt_00343_1": 0.0, "21_80,500_receipt_00343_1": 0.0, "22_W._receipt_00343_1": 0.5, "23_CHARCOAL_receipt_00343_1": 0.0, "24_9,000_receipt_00343_1": 0.0, "25_RAISIN_receipt_00343_1": 0.0, "26_46,500_receipt_00343_1": 0.16666666666666666, "27_BANANA_receipt_00343_1": 0.0, "28_RHUM_receipt_00343_1": 0.0, "29_1_receipt_00343_1": 0.0, "0_ _receipt_00608_0": 3.0, "0_2,727_receipt_00306_1": 0.4, "1_Tax_receipt_00306_1": 0.3333333333333333, "2_1,298_receipt_00306_1": 0.0, "3_Services_receipt_00306_1": 0.125, "0_BIENTOT_328_1": 0.0, "1_MERCI_328_1": 0.0, "2_DE_328_1": 0.0, "3_VOTRE_328_1": 0.0, "4_VISITE_328_1": 0.0, "5_0001_328_1": 0.0, "6_004_328_1": 0.0, "7_19/06/2017_328_1": 0.0, "8_000179_328_1": 0.16666666666666666, "9_11:53:50_328_1": 0.0, "10_CB_328_1": 0.0, "11_EMV_328_1": 0.3333333333333333, "12_SANS_328_1": 0.0, "13_CONTACT_328_1": 0.0, "14_EUR_328_1": 0.0, "15_6.92\u20ac_328_1": 0.4, "16_3_328_1": 0.0, "17_ARTICLE_328_1": 0.0, "18_(S)_328_1": 0.6666666666666666, "19_TOTAL_328_1": 0.0, "20_A_328_1": 0.0, "21_PAYER_328_1": 0.0, "22_6.92\u20ac_328_1": 0.4, "23_*DESS.FRTS_328_1": 0.2, "24_POH/PEC/_328_1": 0.125, "25_5.90\u20ac_328_1": 0.4, "26_*BOULGOUR_328_1": 0.0, "27_LENTILLE_328_1": 0.0, "28_3.04\u20ac_328_1": 0.4, "29_*330_328_1": 0.25, "30_ML_328_1": 0.5, "31_JUS_328_1": 1.0, "32_POMMES_328_1": 0.3333333333333333, "33_2.20\u20ac_328_1": 0.4, "0_:_627_0": 2.0, "1_Ticket_627_0": 0.0, "2_80_627_0": 0.0, "3_Num_627_0": 0.0, "4_:_627_0": 2.0, "5_Rayon_627_0": 0.0, "6_1_627_0": 0.0, "7_ABDEL_627_0": 0.0, "8_Vendeur:_627_0": 0.0, "9_1_627_0": 0.0, "10_:_627_0": 2.0, "11_19/06/2017_627_0": 0.0, "12_11:_627_0": 0.6666666666666666, "13_11_627_0": 0.0, "14_Date_627_0": 0.0, "15_Balance:_627_0": 0.0, "16_Client:_627_0": 0.0, "17_2_627_0": 0.0, "18_73_627_0": 0.0, "19_20_627_0": 0.0, "20_06_627_0": 0.0, "21_99_627_0": 0.0, "22_00_627_0": 0.0, "23_44_627_0": 0.0, "24_TEL_627_0": 0.6666666666666666, "25_CHEZ_627_0": 0.0, "26_ABDEL_627_0": 0.0, "0_KEMBALI_receipt_00056_1": 0.7142857142857143, "1_5.500_receipt_00056_1": 0.0, "2_TUNAI_receipt_00056_1": 0.4, "3_60.100_receipt_00056_1": 0.16666666666666666, "4_GRAND_receipt_00056_1": 0.0, "5_TOTAL_receipt_00056_1": 0.4, "6_54.600_receipt_00056_1": 0.16666666666666666, "7_10.00_receipt_00056_1": 0.0, "8_TAX_receipt_00056_1": 0.0, "9_%_receipt_00056_1": 2.0, "10_4.964_receipt_00056_1": 0.6, "11_DPP_receipt_00056_1": 1.0, "12_49.636_receipt_00056_1": 0.16666666666666666, "13_TOTAL_receipt_00056_1": 0.0, "14_49.636_receipt_00056_1": 0.16666666666666666, "15_NASI_receipt_00056_1": 0.5, "16_PUTIH_receipt_00056_1": 0.2, "17_6.000_receipt_00056_1": 0.0, "18_1_receipt_00056_1": 1.0, "19_6.000_receipt_00056_1": 0.0, "20_BASO_receipt_00056_1": 0.25, "21_TAHU_receipt_00056_1": 0.25, "22_1_receipt_00056_1": 1.0, "23_43.636_receipt_00056_1": 0.0, "24_43.636_receipt_00056_1": 0.0, "0_MERCI_455_2": 0.0, "1_DE_455_2": 0.0, "2_VOTRE_455_2": 0.0, "3_VIS.ITE_455_2": 0.14285714285714285, "0_DESCRIPTION_15_0": 0.0, "1_QTE_15_0": 0.0, "2_NONTANT_15_0": 0.42857142857142855, "3_:_15_0": 1.0, "4_Tel_15_0": 0.0, "5_17000_15_0": 0.0, "6_LA_15_0": 0.0, "7_ROCHELLE_15_0": 0.0, "8_33_15_0": 0.0, "9_RUE_15_0": 0.0, "10_DE_15_0": 0.0, "11_LA_15_0": 0.0, "12_SCIERIE_15_0": 0.0, "13_CRF-CITY_15_0": 0.0, "14_ROCHELLE_15_0": 0.0, "15_LA_15_0": 0.0, "0_DPP=_receipt_00191_1": 1.0, "1_200_receipt_00191_1": 1.0, "2_DPP=_receipt_00191_1": 0.75, "3_30.273_receipt_00191_1": 0.5, "4_PPN=_receipt_00191_1": 1.0, "5_3.027_receipt_00191_1": 0.8, "6_KEMBALI_receipt_00191_1": 0.5714285714285714, "7_16.500_receipt_00191_1": 0.3333333333333333, "8_TUNAI_receipt_00191_1": 0.6, "9_50.000_receipt_00191_1": 0.16666666666666666, "0_ _receipt_00155_0": 4.0, "0_CARTE_433_1": 0.0, "1_BANCAIRE_433_1": 0.0, "2_EMV_433_1": 0.0, "3_EUR_433_1": 0.0, "4_21.35\u20ac_433_1": 0.3333333333333333, "5_ATICLE(S)_433_1": 0.2222222222222222, "6_TOTAL_433_1": 0.8, "7_PAYER_433_1": 0.0, "8_21.35\u20ac_433_1": 0.3333333333333333, "9_A_433_1": 1.0, "10_*TERRI_433_1": 0.5, "11_E_433_1": 0.0, "12_CANARD_433_1": 0.0, "13_CRF_433_1": 0.3333333333333333, "14_1.66e_433_1": 0.4, "15_*TABOUI_433_1": 0.42857142857142855, "16_VOLAILLE_433_1": 0.125, "17_E_433_1": 0.0, "18_1.70\u20ac_433_1": 0.4, "19_*SAUMO_433_1": 0.5, "20_FUME_433_1": 0.0, "21_NORUEG_433_1": 1.0, "22_6.44_433_1": 0.0, "23_*HAQUEI_433_1": 1.0, "24_EAUX_433_1": 1.0, "25_SAUPIOU_433_1": 0.2857142857142857, "26_1.80\u20ac_433_1": 0.4, "27_*HARRY:_433_1": 0.14285714285714285, "28_AMS_433_1": 0.3333333333333333, "29_NATURE_433_1": 0.6666666666666666, "30_1.16\u20ac_433_1": 0.4, "31_*BAGUE_433_1": 0.0, "32_TE_433_1": 0.0, "33_250G_433_1": 0.25, "34_0.84\u20ac_433_1": 0.4, "35_*8XDOS_433_1": 1.0, "36_SENSEO_433_1": 0.3333333333333333, "37_CAPP._433_1": 0.8, "38_2.99\u20ac_433_1": 0.6, "39_IEMONTAI.JBN_433_1": 0.3333333333333333, "40_*300G_433_1": 0.6, "41_1.57\u20ac_433_1": 0.4, "42_250G_433_1": 0.5, "43_AVIOLE_433_1": 0.5, "44_COMTE_433_1": 0.2, "45_3.19\u20ac_433_1": 0.4, "0_ _287_2": 2.0, "0_Subtotal_receipt_00160_0": 0.5, "1_38,000_receipt_00160_0": 0.3333333333333333, "2_KOREAN_receipt_00160_0": 0.3333333333333333, "3_COLD_receipt_00160_0": 0.75, "4_TEA_receipt_00160_0": 0.6666666666666666, "5_1_receipt_00160_0": 1.0, "6_9,000_receipt_00160_0": 1.0, "7_9,000_receipt_00160_0": 0.2, "8_PAKET_receipt_00160_0": 0.4, "9_CHICKEN_receipt_00160_0": 0.14285714285714285, "10_4_receipt_00160_0": 1.0, "11_1_receipt_00160_0": 1.0, "12_29,000_receipt_00160_0": 0.16666666666666666, "13_29,000_receipt_00160_0": 0.3333333333333333, "0_Vignette(s)_497_3": 0.0, "1_par_497_3": 0.0, "2_operation_497_3": 0.0, "3_Bravo_497_3": 0.0, "4_avez_497_3": 0.0, "5_cumule_497_3": 0.0, "6_vous_497_3": 0.0, "7_2.0_497_3": 0.0, "8_Vous_497_3": 0.0, "9_remercie_497_3": 0.0, "10_de_497_3": 0.0, "11_votre_497_3": 0.0, "12_visite_497_3": 0.0, "13_CARREFOUR_497_3": 0.0, "14_MARKET_497_3": 0.0, "15_AYTRE_497_3": 0.0, "16_repris_497_3": 0.0, "17_echange_497_3": 0.0, "18_Solde_497_3": 0.0, "19_ni_497_3": 0.0, "20_ni_497_3": 0.0, "21_01/02/2017_497_3": 0.0, "22_0105_497_3": 0.25, "23_011_497_3": 1.0, "24_000109_497_3": 0.16666666666666666, "25_17:29:51_497_3": 0.0, "26_BANCAIRE_497_3": 0.0, "27_EMV_497_3": 0.3333333333333333, "28_EUR_497_3": 0.0, "29_24.93\u20ac_497_3": 0.3333333333333333, "30_CARTE_497_3": 0.0, "0_Teh_receipt_00011_0": 0.6666666666666666, "1_Poci_receipt_00011_0": 0.75, "2_1_receipt_00011_0": 1.0, "3_25.000_receipt_00011_0": 1.0, "4_Sop_receipt_00011_0": 1.0, "5_1_receipt_00011_0": 1.0, "6_Gurame_receipt_00011_0": 1.1666666666666667, "7_87.000_receipt_00011_0": 1.0, "8_1_receipt_00011_0": 1.0, "9_Nila_receipt_00011_0": 1.0, "10_27,500_receipt_00011_0": 1.0, "11_2_receipt_00011_0": 2.0, "12_Nasi_receipt_00011_0": 1.0, "13_Putih_receipt_00011_0": 0.4, "14_20.000_receipt_00011_0": 1.0, "15_Ayam_receipt_00011_0": 0.25, "16_Bakar_receipt_00011_0": 1.0, "17_2_receipt_00011_0": 1.0, "18_55.000_receipt_00011_0": 0.6666666666666666, "0_1_receipt_00297_0": 0.0, "1_ICED_receipt_00297_0": 0.0, "2_CAPPUCINO_receipt_00297_0": 0.0, "3_24,000_receipt_00297_0": 0.16666666666666666, "4_SHAKE_receipt_00297_0": 0.0, "5_1_receipt_00297_0": 0.0, "6_CHOCOLATE_receipt_00297_0": 0.0, "7_MILK_receipt_00297_0": 0.0, "8_22,000_receipt_00297_0": 0.16666666666666666, "9_DINGIN_receipt_00297_0": 0.0, "10_2_receipt_00297_0": 0.0, "11_T._receipt_00297_0": 1.0, "12_TARIK_receipt_00297_0": 0.0, "13_GREENTEA_receipt_00297_0": 0.0, "14_40,000_receipt_00297_0": 0.16666666666666666, "15_SHAKE_receipt_00297_0": 0.0, "16_1_receipt_00297_0": 0.0, "17_CHOCOLATE_receipt_00297_0": 0.0, "18_MILK_receipt_00297_0": 0.0, "19_22,000_receipt_00297_0": 0.16666666666666666, "20_COKLAT_receipt_00297_0": 0.0, "21_28,000_receipt_00297_0": 0.16666666666666666, "22_1_receipt_00297_0": 1.0, "23_DODOT_receipt_00297_0": 0.8, "24_CUCU_receipt_00297_0": 1.0, "25_DODOT_receipt_00297_0": 1.0, "26_28,000_receipt_00297_0": 0.16666666666666666, "27_1_receipt_00297_0": 0.0, "28_KAKEK_receipt_00297_0": 0.0, "29_36,000_receipt_00297_0": 0.3333333333333333, "30_ES_receipt_00297_0": 1.0, "31_BUAH_receipt_00297_0": 0.0, "32_2_receipt_00297_0": 0.0, "33_SKIPPY_receipt_00297_0": 0.16666666666666666, "34_39,000_receipt_00297_0": 0.16666666666666666, "35_1_receipt_00297_0": 0.0, "36_KUE_receipt_00297_0": 0.0, "37_CUBIT_receipt_00297_0": 1.0, "38_OVO/_receipt_00297_0": 1.0, "0_BIENTOT_186_2": 0.0, "1_A_186_2": 0.0, "2_VISITE_186_2": 0.0, "3_MERCI_186_2": 0.0, "4_DE_186_2": 0.0, "5_VOTRE_186_2": 0.0, "6_16/01/2017_186_2": 0.0, "7_12:46:27_186_2": 0.125, "8_000229_186_2": 0.3333333333333333, "9_0007_186_2": 0.0, "10_004_186_2": 0.3333333333333333, "11_:_186_2": 2.0, "12_Carte_186_2": 0.0, "0_EUR_386_1": 0.0, "1_ESPECES_386_1": 0.0, "2_50.00\u20ac_386_1": 0.3333333333333333, "3_8_386_1": 1.0, "4_ARTICLE(S)_386_1": 0.0, "5_TOTAL_386_1": 0.4, "6_A_386_1": 0.0, "7_PAYER_386_1": 0.0, "8_27.28\u20ac_386_1": 0.3333333333333333, "9_1/2E.BIO_386_1": 0.625, "10_*LT_386_1": 1.0, "11_CRF_386_1": 0.0, "12_1L_386_1": 1.0, "13_1.05\u20ac_386_1": 0.4, "14_*LESS.FR.ETE_386_1": 0.16666666666666666, "15_MUERT_386_1": 0.2, "16_8.05\u20ac_386_1": 0.4, "17_*LEGUME_386_1": 0.14285714285714285, "18_DU_386_1": 1.0, "19_SUD_386_1": 1.0, "20_1L_386_1": 1.0, "21_2.41\u20ac_386_1": 0.4, "22_*CERNEAUX_386_1": 0.2222222222222222, "23_DAUPH.RDF_386_1": 0.0, "24_3.92\u20ac_386_1": 0.4, "25_*6_386_1": 1.0, "26_RLX_386_1": 0.0, "27_P.H.2PLI_386_1": 0.125, "28_CRF_386_1": 0.0, "29_1_386_1": 0.0, "30_*30X_386_1": 0.25, "31_TAB_386_1": 0.6666666666666666, "32_VSL_386_1": 1.0, "33_EN_386_1": 0.0, "34_7.70\u20ac_386_1": 0.4, "35_*300G_386_1": 0.2, "36_PRINCE_386_1": 0.0, "37_CHOCOL_386_1": 0.0, "38_1.36\u20ac_386_1": 0.4, "39_*250ML_386_1": 0.16666666666666666, "40_SOJA_386_1": 0.75, "41_CUISINE_386_1": 0.0, "42_1.30\u20ac_386_1": 0.6, "43_DESCRIPTION_386_1": 0.0, "44_QTE_386_1": 1.0, "45_MONTANT_386_1": 0.14285714285714285, "0_2.0_256_2": 0.0, "1_vous_256_2": 0.0, "2_avez_256_2": 0.0, "3_cumule_256_2": 0.0, "4_Bravo_256_2": 0.0, "5_bientot_256_2": 0.14285714285714285, "6_visite_256_2": 0.0, "7_votre_256_2": 0.0, "8_remercie_256_2": 0.0, "9_de_256_2": 0.0, "10_Vous_256_2": 0.0, "11_BRAYE_256_2": 0.0, "12_Market_256_2": 0.0, "13_SAINT_256_2": 0.0, "14_JEAN_256_2": 0.0, "15_DE_256_2": 0.0, "16_Carrefour_256_2": 0.0, "17_22/01/2017_256_2": 0.0, "18_11:25:05_256_2": 0.125, "19_000101_256_2": 0.0, "20_004_256_2": 0.0, "21_0220_256_2": 0.0, "22_:_256_2": 1.0, "23_Carte_256_2": 0.0, "0_POINTE_724_2": 0.0, "1_DE_724_2": 0.0, "2_BRIE_724_2": 0.0, "3_32%_724_2": 0.0, "4_-1.02\u20ac_724_2": 0.5, "5_P_724_2": 0.0, "6_avantages_724_2": 0.0, "7_Detail_724_2": 0.16666666666666666, "8_euros_724_2": 0.0, "9_******_724_2": 1.0, "10_TOTAL_724_2": 0.0, "11_ACHATS_724_2": 0.16666666666666666, "12_58.04\u20ac_724_2": 0.3333333333333333, "13_(_724_2": 1.0, "14_20)_724_2": 0.0, "15_Sous-To:al_724_2": 0.1, "16_58.04\u20ac_724_2": 0.3333333333333333, "17_BOUILLOTE_724_2": 0.0, "18_4.07\u20ac_724_2": 0.4, "19_H_724_2": 0.0, "20_BAZAR_724_2": 0.0, "21_>>_724_2": 0.0, "22_TPP_724_2": 0.0, "23_PAMPLEMOUSSE_724_2": 0.16666666666666666, "24_ROS_724_2": 0.0, "25_2.39\u20ac_724_2": 0.6, "26_PUR_724_2": 0.0, "27_JUS_724_2": 0.6666666666666666, "28_ORANGE_724_2": 0.3333333333333333, "29_AUCHA_724_2": 0.0, "30_1.95\u20ac_724_2": 0.4, "31_0.825kg_724_2": 0.14285714285714285, "32_1.79\u20ac/kg_724_2": 0.375, "33_x_724_2": 1.0, "34_BANANE_724_2": 0.0, "35_1.43\u20ac_724_2": 0.4, "0_ _receipt_00715_0": 2.0, "0_Landry_652_2": 0.0, "1_Saint_652_2": 0.0, "2_REMERCIE..._652_2": 0.09090909090909091, "3_NATURENVILLE_652_2": 0.0, "4_TVA_652_2": 0.0, "5_a_652_2": 0.0, "6_5.50%_652_2": 0.0, "7_0.27_652_2": 0.0, "8_Recu_652_2": 0.25, "9_(1x5.26)_652_2": 0.125, "10_CARTE_652_2": 0.0, "11_5.26_652_2": 0.0, "12_Taxes_652_2": 0.0, "13_Hors_652_2": 0.0, "14_4.99_652_2": 0.5, "15_Sous-Total_652_2": 0.0, "16_5.26_652_2": 0.0, "0_le_673_2": 0.5, "1_dimanche_673_2": 0.0, "2_9h-19h_673_2": 0.3333333333333333, "3_du_673_2": 0.0, "4_lundi_673_2": 0.2, "5_samedi_673_2": 0.0, "6_9h-19h45_673_2": 0.25, "7_au_673_2": 1.0, "8_magasin_673_2": 0.0, "9_ouvert_673_2": 0.0, "10_:_673_2": 1.0, "11_Tot._673_2": 0.0, "12_Art_673_2": 0.0, "13_3_673_2": 0.0, "14_Ticket_673_2": 0.0, "15_4-CAISSE4_673_2": 0.0, "16_Caissier_673_2": 0.0, "17_Carte_673_2": 0.0, "18_bancaire_673_2": 0.0, "19_7.68_673_2": 0.0, "20_Paiement_673_2": 0.0, "21_EUR_673_2": 0.0, "22_1.28_673_2": 0.0, "23_20.00%_673_2": 0.0, "24_6.40_673_2": 0.0, "25_7.68_673_2": 0.0, "0_A_142_2": 0.0, "1_BIENTOT_142_2": 0.0, "2_MERCI_142_2": 0.0, "3_DE_142_2": 0.0, "4_VOTRE_142_2": 0.0, "5_VISITE_142_2": 0.0, "6_0004_142_2": 0.25, "7_004_142_2": 0.0, "8_000307_142_2": 0.0, "9_26/03/2016_142_2": 0.0, "10_18:56:40_142_2": 0.0, "11_PIZZA_142_2": 0.0, "12_JBN_142_2": 0.0, "13_FROMAGE_142_2": 0.0, "14_0.14\u20ac_142_2": 0.4, "15_Details:_142_2": 0.0, "16_compte_142_2": 0.0, "17_votre_142_2": 0.0, "18_fidelite_142_2": 0.0, "19_Carrefour._142_2": 0.0, "20_vous_142_2": 0.0, "21_auriez_142_2": 0.0, "22_0.14\u20ac_142_2": 0.4, "23_cumule_142_2": 0.0, "24_sur_142_2": 0.0, "0_ _receipt_00611_0": 3.0, "0_Vignette(s)_575_2": 0.0, "1_par_575_2": 0.0, "2_operation_575_2": 0.0, "3_Bravo_575_2": 0.2, "4_vous_575_2": 0.0, "5_avez_575_2": 0.0, "6_cumule_575_2": 0.0, "7_1.0_575_2": 0.0, "8_VOUS_575_2": 0.75, "9_REMERCIE_575_2": 0.0, "10_DE_575_2": 0.0, "11_VOTRE_575_2": 0.0, "12_VISITE_575_2": 0.0, "13_L'EQUIPE_575_2": 0.125, "14_TOUTE_575_2": 0.0, "15_DE_575_2": 0.0, "16_MARKET_575_2": 0.0, "0_conditions_659_3": 0.0, "1_produits_659_3": 0.0, "2_et_659_3": 0.0, "3_:_659_3": 1.0, "4_lidl.fr_659_3": 0.42857142857142855, "5_Pieces_659_3": 0.0, "6_detachees_659_3": 0.0, "7_disponibles_659_3": 0.0, "8_voir_659_3": 0.0, "9_conditions_659_3": 0.0, "10_magasin._659_3": 0.125, "11_en_659_3": 0.0, "12_Retour_659_3": 0.0, "13_marchandises_659_3": 0.0, "14_pendant_659_3": 0.0, "15_un_659_3": 0.5, "16_mois_659_3": 1.0, "17_LIDL,_659_3": 0.0, "18_prix_659_3": 0.0, "19_le_659_3": 0.0, "20_vrai_659_3": 0.0, "21_des_659_3": 0.0, "22_bonnes_659_3": 0.0, "23_choses_659_3": 0.3333333333333333, "24_en_659_3": 0.0, "25_bons_659_3": 0.25, "26_d'achat_659_3": 0.0, "27_!_659_3": 1.0, "28_gagner_659_3": 0.0, "29_de_659_3": 0.0, "30_valeur_659_3": 0.0, "31_la_659_3": 0.0, "32_de_659_3": 0.0, "33_courses_659_3": 0.0, "34_vos_659_3": 0.0, "35_Payer_659_3": 0.0, "36_sans_659_3": 0.25, "37_contact_659_3": 0.0, "38_et_659_3": 0.0, "39_tentez_659_3": 0.16666666666666666, "40_049462/05_659_3": 0.0, "41_1063_659_3": 0.0, "42_10.06.17_659_3": 0.0, "0_:_147_0": 1.0, "1_Tel_147_0": 0.0, "2_17000_147_0": 0.0, "3_ROCHELLE_147_0": 0.0, "4_LA_147_0": 0.5, "5_33_147_0": 0.0, "6_RUE_147_0": 0.0, "7_DE_147_0": 0.0, "8_LA_147_0": 0.0, "9_SCIERIE_147_0": 0.0, "10_CRF-CITY_147_0": 0.0, "11_LA_147_0": 0.0, "12_ROCHELLE_147_0": 0.0, "0_33,000_receipt_00268_1": 0.0, "1_CASH IDR_receipt_00268_1": 0.25, "2_50,000_receipt_00268_1": 0.16666666666666666, "3_17,000_receipt_00268_1": 0.5, "0_Tel_331_0": 0.0, "1_17000_331_0": 0.0, "2_LA_331_0": 0.5, "3_ROCHELLE_331_0": 0.0, "4_RUE_331_0": 0.0, "5_33_331_0": 0.0, "6_DE_331_0": 0.0, "7_SCIERIE_331_0": 0.0, "8_LA_331_0": 0.0, "9_CRF-CITY_331_0": 0.0, "10_ROCHELLE_331_0": 0.0, "11_LA_331_0": 0.0, "0_CASH_receipt_00032_1": 1.5, "1_36,000_receipt_00032_1": 1.0, "2_TOTAL_receipt_00032_1": 1.0, "3_36,000_receipt_00032_1": 1.0, "0_ _receipt_00121_0": 10.0, "0_SALADE_715_1": 0.0, "1_1_715_1": 2.0, "2_3,20\u20ac_715_1": 0.4, "3_3,20_715_1": 0.25, "4_X_715_1": 0.0, "5_TOFU_715_1": 0.0, "6_AU_715_1": 0.5, "7_TAMARI_715_1": 0.16666666666666666, "8_1,80\u20ac_715_1": 0.4, "9_1,80_715_1": 0.0, "10_1_715_1": 0.0, "11_X_715_1": 0.0, "12_SOJADE_715_1": 0.0, "13_NATURE_715_1": 0.0, "14_X4_715_1": 0.5, "15_1_715_1": 1.0, "16_1,80\u20ac_715_1": 0.4, "17_1,80_715_1": 0.25, "18_X_715_1": 0.0, "19_SOJADE_715_1": 0.0, "20_NATURE_715_1": 0.0, "21_X4_715_1": 0.0, "22_0,140_715_1": 0.0, "23_30,55\u20ac_715_1": 0.3333333333333333, "24_4,28_715_1": 0.0, "25_X_715_1": 0.0, "26_FONDANT_715_1": 0.0, "27_DE_715_1": 0.0, "28_BREBIS_715_1": 0.0, "29_35%MG_715_1": 0.0, "30_1,10\u20ac_715_1": 0.4, "31_1,10_715_1": 0.0, "32_1_715_1": 0.0, "33_DESSERT_715_1": 0.0, "34_125G_715_1": 0.25, "35_1_715_1": 2.0, "36_1,10\u20ac_715_1": 0.6, "37_1,10_715_1": 0.0, "38_DESSERT_715_1": 0.0, "39_125G_715_1": 0.25, "40_1_715_1": 2.0, "41_2,40\u20ac_715_1": 0.4, "42_2,40_715_1": 0.25, "43_SEL_715_1": 0.0, "44_MOULU_715_1": 0.0, "45_SALIERE_715_1": 0.2857142857142857, "46_250G_715_1": 0.25, "0_12,000_receipt_00491_0": 0.16666666666666666, "1_CUSTARD_receipt_00491_0": 0.2857142857142857, "2_SOB RO_receipt_00491_0": 0.3333333333333333, "3_1_receipt_00491_0": 1.0, "4_9,000_receipt_00491_0": 0.2, "5_TWIST_receipt_00491_0": 0.2, "6_DONUT_receipt_00491_0": 0.0, "7_1_receipt_00491_0": 0.0, "0_Tel_427_0": 0.0, "1_17000_427_0": 0.0, "2_33_427_0": 0.0, "3_RUE_427_0": 0.0, "4_DE_427_0": 0.0, "5_LA_427_0": 0.5, "6_SCIERIE_427_0": 0.0, "7_CRF-CITY_427_0": 0.0, "8_ROCHELLE_427_0": 0.0, "9_LA_427_0": 0.0, "0_CASH_receipt_00410_1": 0.0, "1_125,000_receipt_00410_1": 0.14285714285714285, "2_TL_receipt_00410_1": 2.0, "3_1_receipt_00410_1": 2.0, "4_125,000_receipt_00410_1": 0.14285714285714285, "0_QTE_465_0": 0.6666666666666666, "1_MONTANT_465_0": 0.2857142857142857, "2_DESCRIPTION_465_0": 0.0, "3_:_465_0": 1.0, "4_Tel_465_0": 0.0, "5_LA_465_0": 0.5, "6_ROCHELLE_465_0": 0.0, "7_17000_465_0": 0.0, "8_33_465_0": 0.5, "9_RUE_465_0": 0.0, "10_DE_465_0": 0.0, "11_LA_465_0": 0.5, "12_SCIERIE_465_0": 0.14285714285714285, "13_LA_465_0": 0.5, "14_ROCHELLE_465_0": 0.0, "15_CRF-CITY_465_0": 0.0, "0_Areas_663_2": 0.0, "0_2_751_1": 1.0, "1_27/09/2016_751_1": 0.0, "2_15:02:29_751_1": 0.0, "3_:_751_1": 1.0, "4_Articles_751_1": 0.125, "5_par_751_1": 0.0, "6_Nbre_751_1": 0.25, "7_Laetitia_751_1": 0.0, "8_Servi_751_1": 0.0, "9_EUR_751_1": 0.0, "10_2.92_751_1": 0.0, "11_H.T._751_1": 0.0, "12_TOTAL_751_1": 0.0, "13_EUR_751_1": 0.0, "14_TVA(13)_751_1": 0.5714285714285714, "15_0.58_751_1": 0.0, "16_20.00%_751_1": 0.0, "17_EUR_751_1": 0.0, "18_3.50_751_1": 0.0, "19_-_751_1": 1.0, "20_ESPECES_751_1": 0.0, "21_01_751_1": 1.0, "22_(EUR)_751_1": 0.0, "23_3.50_751_1": 0.75, "24_TOTAL_751_1": 1.0, "25_3.50_751_1": 0.0, "26_TOTAL_751_1": 0.0, "27_SOUS_751_1": 0.75, "0_Vignette(s)_488_3": 0.0, "1_par_488_3": 0.0, "2_operation_488_3": 0.0, "3_Bravo_488_3": 0.0, "4_vous_488_3": 0.0, "5_avez_488_3": 0.0, "6_cumule_488_3": 0.0, "7_7.0_488_3": 0.0, "8_repris_488_3": 0.16666666666666666, "9_echanges_488_3": 0.0, "10_ni_488_3": 0.0, "11_ni_488_3": 0.0, "12_BIENTOT_488_3": 0.0, "13_Vous_488_3": 0.0, "14_remercie_488_3": 0.0, "15_betre_488_3": 0.4, "16_de_488_3": 0.0, "17_visite_488_3": 0.0, "18_MARKET_488_3": 0.3333333333333333, "19_AYTRE_488_3": 0.0, "20_CARREFOUR_488_3": 0.0, "21_repris_488_3": 0.0, "22_eehange_488_3": 0.2857142857142857, "23_Solde_488_3": 0.0, "24_ni_488_3": 0.0, "25_ni_488_3": 0.0, "26_0122_488_3": 0.0, "27_011_488_3": 1.0, "28_000083_488_3": 0.0, "29_25/05/2017_488_3": 0.0, "30_11:26:52_488_3": 0.0, "31_Carte_488_3": 0.0, "32_:_488_3": 1.0, "0_Pay_receipt_00140_1": 0.0, "1_Change :_receipt_00140_1": 0.125, "2_11,000_receipt_00140_1": 0.0, "3_Cash_receipt_00140_1": 0.0, "4_80,000_receipt_00140_1": 0.0, "5_Total._receipt_00140_1": 0.0, "6_69,000_receipt_00140_1": 0.0, "7_ITEMS:_receipt_00140_1": 0.0, "8_2_receipt_00140_1": 0.0, "9_69,000_receipt_00140_1": 0.0, "0_37,000_receipt_00326_1": 0.0, "1_GOPAY_receipt_00326_1": 0.0, "2_37,000_receipt_00326_1": 0.0, "3_Total_receipt_00326_1": 0.0, "4_3,364_receipt_00326_1": 0.0, "5_Tax_receipt_00326_1": 0.0, "6_33,636_receipt_00326_1": 0.0, "7_Subtotal_receipt_00326_1": 0.0, "8_33,636_receipt_00326_1": 0.0, "9_SPICY_receipt_00326_1": 0.0, "10_R_receipt_00326_1": 0.0, "11_WOSAM_receipt_00326_1": 0.0, "12_1_receipt_00326_1": 0.0, "0_Kembali_receipt_00408_1": 0.14285714285714285, "1_0_receipt_00408_1": 1.0, "2_GoResto_receipt_00408_1": 0.14285714285714285, "3_31.500_receipt_00408_1": 0.16666666666666666, "4_Total_receipt_00408_1": 0.0, "5_31.500_receipt_00408_1": 0.0, "6_ES_receipt_00408_1": 0.5, "7_KOPI_receipt_00408_1": 0.25, "8_SUSU_receipt_00408_1": 0.75, "9_1_receipt_00408_1": 0.0, "10_18.000_receipt_00408_1": 0.0, "11_TE_receipt_00408_1": 0.0, "12_1_receipt_00408_1": 3.0, "13_13.500_receipt_00408_1": 0.0, "14_GoFood_receipt_00408_1": 0.0, "15_Beragam_receipt_00408_1": 0.14285714285714285, "16_LAT_receipt_00408_1": 0.3333333333333333, "17_ICE_receipt_00408_1": 0.3333333333333333, "18_-_receipt_00408_1": 0.0, "0_ _receipt_00157_0": 2.0, "0_merci_599_1": 0.0, "1_votre_599_1": 0.0, "2_de_599_1": 0.0, "3_visite_599_1": 0.0, "4_a_599_1": 0.0, "5_bientot_599_1": 0.14285714285714285, "6_ouverture_599_1": 0.0, "7_dimanche_599_1": 0.0, "8_de_599_1": 0.0, "9_a_599_1": 0.0, "10_9h_599_1": 0.5, "11_21h_599_1": 0.0, "12_Livraison_599_1": 1.0, "13_gratuite_599_1": 1.0, "14_a_599_1": 2.0, "15_partir_599_1": 0.16666666666666666, "16_de_599_1": 1.0, "17_50\u20ac***_599_1": 1.0, "18_001_599_1": 0.0, "19_0005_599_1": 0.0, "20_000235_599_1": 0.16666666666666666, "21_08/06/2017_599_1": 0.0, "22_21:09:21_599_1": 0.0, "23_CARTE_599_1": 0.0, "24_BANCAIRE_599_1": 0.0, "25_EMV_599_1": 0.0, "26_EUR_599_1": 0.0, "27_3.87\u20ac_599_1": 0.4, "28_1_599_1": 0.0, "29_TOTAL._599_1": 0.0, "30_ARTICLE_599_1": 0.0, "31_(S)_599_1": 0.3333333333333333, "32_A_599_1": 0.0, "33_PAYER_599_1": 0.0, "34_3.87\u20ac_599_1": 0.4, "35_*COUNTRY_599_1": 0.125, "36_CRISP_599_1": 0.2, "37_NOIX_599_1": 0.5, "38_3.87\u20ac_599_1": 0.4, "0_BIENTOT_288_2": 0.0, "1_VOTRE_288_2": 0.0, "2_MERCI_288_2": 0.2, "3_DE_288_2": 0.0, "4_VISITE_288_2": 0.0, "0_GATEAU_721_4": 0.3333333333333333, "1_RIZ_721_4": 0.6666666666666666, "2_CARA,4X100G_721_4": 0.2727272727272727, "3_0.20_721_4": 0.0, "4_euros_721_4": 0.4, "5_avantages_721_4": 0.0, "6_Detail_721_4": 0.0, "7_des_721_4": 0.0, "8_obtenus_721_4": 0.0, "9_:_721_4": 1.0, "10_Avec_721_4": 0.0, "11_la_721_4": 0.5, "12_carte_721_4": 0.2, "13_E.Leclerc_721_4": 0.1111111111111111, "14_26.51_721_4": 0.2, "15_5_721_4": 1.0, "16_20%00_721_4": 0.2, "17_5.28_721_4": 0.0, "18_31.79_721_4": 0.8, "19_5850_721_4": 0.0, "20_2_721_4": 0.0, "21_51.87_721_4": 0.2, "22_2.86_721_4": 0.25, "23_54.73_721_4": 0.0, "24_Code_721_4": 0.0, "25_HT_721_4": 0.5, "26_TUA_721_4": 0.3333333333333333, "27_TTC_721_4": 0.6666666666666666, "28_Rendu_721_4": 0.2, "29_0.00_721_4": 0.25, "30_CB_721_4": 0.5, "31_46.52_721_4": 0.0, "32_Total_721_4": 0.0, "33_34_721_4": 0.5, "34_articles_721_4": 0.0, "35_46.52_721_4": 0.0, "0_A_450_1": 0.0, "1_BIENTOT_450_1": 0.0, "2_MERCI_450_1": 0.0, "3_DE_450_1": 0.0, "4_VOTRE_450_1": 0.0, "5_VISITE_450_1": 0.0, "6_004_450_1": 0.6666666666666666, "7_0002_450_1": 0.0, "8_000643_450_1": 0.0, "9_22/02/2017_450_1": 0.0, "10_12:21:45_450_1": 0.0, "11_CB_450_1": 0.5, "12_EMV_450_1": 1.0, "13_CANS_450_1": 1.0, "14_CONTACT_450_1": 0.0, "15_EUR_450_1": 0.0, "16_4.86\u20ac_450_1": 0.4, "17_ARTICLE(S)_450_1": 0.0, "18_2_450_1": 0.0, "19_TOTAL_450_1": 0.8, "20_A_450_1": 0.0, "21_PAYER_450_1": 0.0, "22_4.86\u20ac_450_1": 0.4, "23_*CRF_450_1": 0.5, "24_SALADE_450_1": 0.0, "25_SAUMON_450_1": 0.3333333333333333, "26_3.320._450_1": 0.6666666666666666, "27_COOKIES_450_1": 0.0, "28_BIG_450_1": 0.6666666666666666, "29_UAu_450_1": 1.0, "30_1.54\u20ac_450_1": 0.6, "0_000163_493_2": 0.0, "1_12/04/2017_493_2": 0.0, "2_0124_493_2": 0.0, "3_011_493_2": 1.0, "4_13:44:26_493_2": 0.0, "5_CARTE_493_2": 0.0, "6_BANCAIRE_493_2": 0.0, "7_EMV_493_2": 0.0, "8_EUR_493_2": 0.0, "9_23.16\u20ac_493_2": 0.0, "10_ARTICLE(S)_493_2": 0.0, "11_23.16\u20ac_493_2": 0.0, "12_16_493_2": 0.0, "13_A_493_2": 0.0, "14_PAYER_493_2": 0.0, "15_TOTAL_493_2": 0.8, "16_-0.44\u20ac_493_2": 0.3333333333333333, "17_TOTAL_493_2": 1.0, "18_DES_493_2": 0.0, "19_AVANTAGES_493_2": 0.2222222222222222, "20_DU_493_2": 0.5, "21_JOUR_493_2": 0.75, "22_TOTAL_493_2": 0.0, "23_REMISES_493_2": 0.0, "24_IMMEDIATES_493_2": 0.3, "25_-0.44\u20ac_493_2": 0.3333333333333333, "26_(S)_493_2": 0.6666666666666666, "27_16_493_2": 0.0, "28_ARTICLE_493_2": 0.0, "29_TOTAL_493_2": 0.0, "30_AVANT_493_2": 0.0, "31_RENISES_493_2": 0.14285714285714285, "32_23.60\u20ac_493_2": 0.3333333333333333, "33_TOTAL_493_2": 0.6, "34_ALIMENTAIRE_493_2": 0.2727272727272727, "35_23.16\u20ac_493_2": 0.0, "36_*ST_493_2": 0.3333333333333333, "37_BANANE_493_2": 0.0, "38_P.PRIX_493_2": 0.16666666666666666, "39_0.67\u20ac_493_2": 0.4, "0_Rp 0.00_receipt_00771_1": 0.14285714285714285, "1_Change:_receipt_00771_1": 0.2857142857142857, "2_Customer_receipt_00771_1": 0.0, "3_Rp 29000.00_receipt_00771_1": 0.09090909090909091, "4_Cash:_receipt_00771_1": 0.2, "5_Customer_receipt_00771_1": 0.0, "6_Paid_receipt_00771_1": 0.0, "7_Rp 29000.00_receipt_00771_1": 0.18181818181818182, "8_Total:_receipt_00771_1": 0.0, "9_Rp 29000.00_receipt_00771_1": 0.18181818181818182, "10_Subtotal:_receipt_00771_1": 0.4444444444444444, "11_Cheese_receipt_00771_1": 0.16666666666666666, "12_Tart_receipt_00771_1": 0.0, "13_Rp 29000.00_receipt_00771_1": 0.2727272727272727, "14_Pc_receipt_00771_1": 1.0, "15_*1_receipt_00771_1": 0.5, "0_12,000_receipt_00635_0": 0.0, "1_MUF_receipt_00635_0": 0.0, "2_CHOC_receipt_00635_0": 0.0, "3_CHP_receipt_00635_0": 0.0, "4_14,000_receipt_00635_0": 0.16666666666666666, "5_CIN_receipt_00635_0": 0.0, "6_TIRAMISU_receipt_00635_0": 0.0, "7_12,000_receipt_00635_0": 0.0, "8_ORIGINAL_receipt_00635_0": 0.0, "0_CASH_receipt_00120_1": 0.25, "1_50,000_receipt_00120_1": 0.0, "0_MERCI_88_1": 0.0, "1_DE_88_1": 0.0, "2_VOTRE_88_1": 0.0, "3_VISITE_88_1": 0.0, "4_0001_88_1": 1.0, "5_003_88_1": 0.0, "6_31/01/2017_88_1": 0.0, "7_000340_88_1": 0.0, "8_19:10:19_88_1": 0.0, "9_SANS_88_1": 0.0, "10_CB_88_1": 0.0, "11_EMV_88_1": 0.0, "12_CONTACT_88_1": 0.0, "13_EUR_88_1": 0.0, "14_5.33\u20ac_88_1": 0.4, "15_3_88_1": 0.0, "16_(S)_88_1": 0.6666666666666666, "17_PAYER_88_1": 0.0, "18_5.33\u20ac_88_1": 0.4, "19_ANTICLE_88_1": 0.14285714285714285, "20_TOTAL_88_1": 0.8, "21_A_88_1": 1.0, "22_LEG.ROYCO_88_1": 0.1111111111111111, "23_1.04\u20ac_88_1": 0.4, "24_*VELOUI_88_1": 0.14285714285714285, "25_CLASSIQUES_88_1": 0.2, "26_VEL_88_1": 0.0, "27_1.08\u20ac_88_1": 0.4, "28_*RHS_88_1": 0.0, "29_*250G_88_1": 0.4, "30_1ORTELL.PESTO_88_1": 0.15384615384615385, "31_3.21\u20ac_88_1": 0.4, "32_QTE_88_1": 1.0, "33_MONTANT_88_1": 0.14285714285714285, "34_DESCRIPTION_88_1": 0.18181818181818182, "0_1.30\u20ac_497_1": 0.4, "1_LIQ.VLS_497_1": 0.42857142857142855, "2_NACRE_497_1": 0.0, "3_CRF_497_1": 0.0, "4_1.10\u20ac_497_1": 0.4, "5_CARRES_497_1": 0.0, "6_VSL.CRF_497_1": 0.14285714285714285, "7_5_497_1": 1.0, "8_17.13\u20ac_497_1": 0.3333333333333333, "9_ALINENTAIRE_497_1": 0.2727272727272727, "10_TOTAL_497_1": 0.0, "11_2.69\u20ac_497_1": 0.4, "12_*YAOUR.FRT_497_1": 0.2, "13_X16_497_1": 0.0, "14_CRF_497_1": 0.0, "15_0.97\u20ac_497_1": 0.4, "16_MENTHE_497_1": 0.16666666666666666, "17_THE_497_1": 0.0, "18_VERT_497_1": 0.25, "19_2.40\u20ac_497_1": 0.4, "20_SOUFFLE_497_1": 0.0, "21_CHOCO_497_1": 0.0, "22_RIZ_497_1": 0.0, "23_0.99\u20ac_497_1": 0.4, "24_CONSERV.BLCHE_497_1": 0.07692307692307693, "25_*PDT_497_1": 0.25, "26_1.89\u20ac_497_1": 0.4, "27_PPRIX_497_1": 0.2, "28_FR_497_1": 0.0, "29_*FLT_497_1": 0.25, "30_OIGN_497_1": 0.75, "31_0.99\u20ac_497_1": 0.4, "32_1KG_497_1": 0.0, "33_ORANGE_497_1": 0.0, "34_*FLT_497_1": 0.25, "35_2.99\u20ac_497_1": 0.2, "36_CLASS.CRF_497_1": 0.0, "37_DOSET.GD_497_1": 0.25, "38_1.95\u20ac_497_1": 0.4, "39_*4X100G_497_1": 0.14285714285714285, "40_YOPA_497_1": 0.25, "41_2%_497_1": 0.5, "42_LIT_497_1": 0.6666666666666666, "43_-1.17\u20ac_497_1": 0.3333333333333333, "44_REMISE_497_1": 0.16666666666666666, "45_1.95\u20ac_497_1": 0.4, "46_0%_497_1": 0.5, "47_LIT_497_1": 0.6666666666666666, "48_*4X100G_497_1": 0.2857142857142857, "49_YOPA_497_1": 1.0, "50_1.48\u20ac_497_1": 0.4, "51_OLIV/BASI_497_1": 0.1111111111111111, "52_400G_497_1": 0.25, "53_SCE_497_1": 0.0, "0_DESCRIPTION_119_0": 0.09090909090909091, "1_QTE_119_0": 1.0, "2_MONTANT_119_0": 0.5714285714285714, "3_:_119_0": 1.0, "4_Tel_119_0": 0.0, "5_17000_119_0": 0.0, "6_LA_119_0": 0.0, "7_ROCHELLE_119_0": 0.0, "8_33_119_0": 0.0, "9_RUE_119_0": 0.0, "10_DE_119_0": 0.0, "11_LA_119_0": 0.0, "12_SCIERIE_119_0": 0.14285714285714285, "13_CRF-CITY_119_0": 0.0, "14_LA_119_0": 0.0, "15_ROCHELLE_119_0": 0.0, "0_BIENTOT_5_2": 0.0, "1_VISITE_5_2": 0.0, "2_DE_5_2": 0.0, "3_VOTRE_5_2": 0.0, "4_MERCI_5_2": 0.0, "5_000105_5_2": 0.16666666666666666, "6_26/02/2017_5_2": 0.0, "7_11:10:32_5_2": 0.0, "8_0004_5_2": 0.0, "9_004_5_2": 0.0, "10_produits_5_2": 0.0, "11_0.09\u20ac_5_2": 0.4, "12_Carrefou_5_2": 0.0, "13_5%_5_2": 0.0, "14_Details:_5_2": 0.0, "15_compte_5_2": 0.0, "16_Carrefour._5_2": 0.0, "17_fidelite_5_2": 0.0, "18_votre_5_2": 0.0, "0_Tablapizza_648_2": 0.0, "1_La_648_2": 0.0, "2_Rochelle_648_2": 0.0, "3_Minimes_648_2": 0.0, "4_Facebook_648_2": 0.0, "5_page_648_2": 0.0, "6_sur_648_2": 0.0, "7_notre_648_2": 0.0, "8_Merci_648_2": 0.0, "9_et_648_2": 0.0, "10_a_648_2": 0.0, "11_bientot_648_2": 0.0, "12_Prix_648_2": 0.0, "13_Nets_648_2": 0.0, "14_7j/7_648_2": 1.0, "15_Ouvert_648_2": 0.0, "16_de_648_2": 0.0, "17_11h45_648_2": 0.2, "18_a_648_2": 0.0, "19_23h00_648_2": 0.0, "20_Reglement_648_2": 0.0, "21_a_648_2": 0.0, "22_Table_648_2": 0.0, "23_10%_648_2": 0.0, "24_4.50_648_2": 0.0, "25_T.V.A._648_2": 0.0, "26_Total_648_2": 0.0, "27_du_648_2": 0.0, "28_49.50_648_2": 0.4, "29_22:00_648_2": 0.0, "30_4.50_648_2": 0.0, "31_T.V.A.10%_648_2": 0.0, "32_49.50_648_2": 0.0, "0_A_169_1": 0.0, "1_BIENTOT_169_1": 0.0, "2_MERCI_169_1": 0.0, "3_DE_169_1": 0.0, "4_VOTRE_169_1": 0.0, "5_VISITE_169_1": 0.0, "6_0001_169_1": 0.0, "7_002_169_1": 0.0, "8_000236_169_1": 0.0, "9_13/01/2017_169_1": 0.0, "10_16:58:07_169_1": 0.0, "11_BANCAIRE_169_1": 0.0, "12_CARTE_169_1": 0.0, "13_EMV_169_1": 0.3333333333333333, "14_EUR_169_1": 0.0, "15_25.50\u20ac_169_1": 0.3333333333333333, "16_3_169_1": 0.0, "17_ARTICLE_169_1": 0.0, "18_(S)_169_1": 0.6666666666666666, "19_TOTAL_169_1": 0.0, "20_A_169_1": 1.0, "21_PAYER_169_1": 0.0, "22_25.50\u20ac_169_1": 0.3333333333333333, "23_*T_169_1": 1.0, "24_BIERE_169_1": 0.0, "25_X4_169_1": 0.5, "26_3x_169_1": 0.5, "27_8.50_169_1": 0.0, "28_25.50\u20ac_169_1": 0.3333333333333333, "29_QTE_169_1": 1.0, "30_DESCRIPTION_169_1": 0.0, "31_MONTANT_169_1": 0.2857142857142857, "0_A_257_6": 1.0, "1_bientot_257_6": 0.14285714285714285, "2_remercie_257_6": 0.0, "3_Vous_257_6": 0.0, "4_visite_257_6": 0.0, "5_de_257_6": 0.0, "6_votre_257_6": 0.0, "7_CARREFOUR_257_6": 0.0, "8_MARKET_257_6": 0.0, "9_AYTRE_257_6": 0.0, "10_0120_257_6": 0.0, "11_007_257_6": 0.0, "12_000423_257_6": 0.0, "13_11/06/2016_257_6": 0.0, "14_13:54:04_257_6": 0.0, "0_Go-Pay_receipt_00294_1": 0.0, "1_static_receipt_00294_1": 0.0, "2_QR_receipt_00294_1": 1.0, "3_78.000_receipt_00294_1": 0.0, "4_78.000_receipt_00294_1": 0.0, "5_TOTAL_receipt_00294_1": 0.0, "6_Subtotal_receipt_00294_1": 0.0, "7_78.000_receipt_00294_1": 0.0, "8_(MLY)_receipt_00294_1": 0.0, "9_1_receipt_00294_1": 1.0, "10_Bihun_receipt_00294_1": 0.0, "11_8.000_receipt_00294_1": 0.0, "12_22.000_receipt_00294_1": 0.0, "13_11000_receipt_00294_1": 0.0, "14_Singapore_receipt_00294_1": 0.0, "15_Otak-otak_receipt_00294_1": 0.0, "16_2_receipt_00294_1": 0.0, "17_24.000_receipt_00294_1": 0.0, "18_12000_receipt_00294_1": 0.0, "19_Lapchiong_receipt_00294_1": 0.0, "20_2_receipt_00294_1": 0.0, "0_CASH_receipt_00695_1": 0.0, "1_20,000_receipt_00695_1": 0.0, "2_TT_receipt_00695_1": 0.0, "3_ICED_receipt_00695_1": 0.0, "0_BIENTOT_337_2": 0.0, "1_VISITE_337_2": 0.0, "2_DE_337_2": 0.0, "3_VOTRE_337_2": 0.0, "4_MERCI_337_2": 0.2, "5_03/06/2017_337_2": 0.0, "6_09:20:51_337_2": 0.0, "7_0002_337_2": 0.0, "8_000094_337_2": 0.0, "9_002_337_2": 0.0, "10_0.13\u20ac_337_2": 0.4, "11_produits_337_2": 0.0, "12_Carrefou_337_2": 0.0, "13_5%_337_2": 0.0, "14_Details:_337_2": 0.0, "15_compte_337_2": 0.0, "16_fidelite_337_2": 0.0, "17_Carrefour._337_2": 0.0, "18_votre_337_2": 0.0, "0_BIENTOT_20_2": 0.0, "1_MERCI_20_2": 0.0, "2_DE_20_2": 0.0, "3_VOTRE_20_2": 0.0, "4_VISITE_20_2": 0.0, "5_0002_20_2": 0.0, "6_002_20_2": 0.0, "7_000176_20_2": 0.0, "8_21/01/2017_20_2": 0.0, "9_17:55:33_20_2": 0.125, "10_produits_20_2": 0.0, "11_5%_20_2": 0.0, "12_Carrefou_20_2": 0.0, "13_0.15\u20ac_20_2": 0.4, "14_Details:_20_2": 0.0, "15_compte_20_2": 0.0, "16_votre_20_2": 0.0, "17_fidelite_20_2": 0.0, "18_Carrefour._20_2": 0.0, "19_auriez_20_2": 0.0, "20_cumule_20_2": 0.0, "21_0.15\u20ac_20_2": 0.4, "22_sur_20_2": 0.0, "0_ _receipt_00138_0": 2.0, "0_DESCRIPTION_225_0": 0.0, "1_QTE_225_0": 1.0, "2_MONTAHT_225_0": 0.2857142857142857, "3_Gargot_225_0": 0.0, "4_Aytre._225_0": 0.16666666666666666, "5_Rue_225_0": 0.0, "6_Nicolas_225_0": 0.0, "7_17440_225_0": 0.0, "8_Dimanche_225_0": 0.0, "9_9h_225_0": 0.5, "10_a_225_0": 0.0, "11_12h30_225_0": 0.8, "12_20h00_225_0": 0.0, "13_Lundi_225_0": 0.0, "14_au_225_0": 0.0, "15_Samedi_225_0": 0.0, "16_de_225_0": 0.0, "17_9h_225_0": 0.5, "18_a_225_0": 0.0, "19_:_225_0": 1.0, "20_0546457320_225_0": 0.0, "21_Tel_225_0": 0.0, "22_Carrefour_225_0": 0.0, "23_market_225_0": 0.0, "24_AYTRE_225_0": 0.0, "0_:_131_0": 1.0, "1_Tel_131_0": 0.0, "2_17000_131_0": 0.0, "3_SCIERIE_131_0": 0.0, "4_RUE_131_0": 0.0, "5_DE_131_0": 0.0, "6_LA_131_0": 0.0, "7_33_131_0": 0.0, "8_CHOLERA_131_0": 0.0, "9_CRF-CITY_131_0": 0.0, "10_LA_131_0": 0.0, "0_WAXING_receipt_00749_0": 0.0, "1_UNDER_receipt_00749_0": 0.0, "2_ARM_receipt_00749_0": 0.0, "0_CHANGED_receipt_00265_1": 0.0, "1_25.000_receipt_00265_1": 0.0, "2_100.000_receipt_00265_1": 0.0, "3_CASH_receipt_00265_1": 0.0, "4_TOTAL_receipt_00265_1": 0.0, "5_Stwbry_receipt_00265_1": 0.16666666666666666, "6_(L)_receipt_00265_1": 1.0, "7_25.000_receipt_00265_1": 0.0, "8_Fanta_receipt_00265_1": 0.0, "9_1_receipt_00265_1": 0.0, "10_(S)_receipt_00265_1": 0.3333333333333333, "11_Water_receipt_00265_1": 0.0, "12_10.000_receipt_00265_1": 0.0, "13_Mineral_receipt_00265_1": 0.0, "14_1_receipt_00265_1": 0.0, "15_(M)_receipt_00265_1": 0.6666666666666666, "16_Salt_receipt_00265_1": 0.0, "17_Popcorn_receipt_00265_1": 0.0, "18_40.000_receipt_00265_1": 0.0, "19_1_receipt_00265_1": 0.0, "0_Cash_receipt_00295_1": 1.0, "1_20,000_receipt_00295_1": 0.3333333333333333, "2_Take_receipt_00295_1": 0.75, "3_20,000_receipt_00295_1": 0.6666666666666666, "4_Away_receipt_00295_1": 0.25, "5_Total_receipt_00295_1": 0.2, "6_Reund_receipt_00295_1": 0.6, "7_1_receipt_00295_1": 2.0, "8_PB1_receipt_00295_1": 1.6666666666666667, "9_1,818_receipt_00295_1": 0.4, "10_(10%)_receipt_00295_1": 1.0, "11_18,181_receipt_00295_1": 0.16666666666666666, "12_Subtotal_receipt_00295_1": 0.5, "13_TakeAway_receipt_00295_1": 0.5, "14_909_receipt_00295_1": 1.0, "15_Charge_receipt_00295_1": 0.16666666666666666, "16_REGULAR_receipt_00295_1": 0.14285714285714285, "17_8,636_receipt_00295_1": 0.6, "18_FRIES_receipt_00295_1": 0.2, "19_CHOCOLATE_receipt_00295_1": 0.1111111111111111, "20_8,636_receipt_00295_1": 0.6, "21_SUNDAE_receipt_00295_1": 0.16666666666666666, "0_553,200_receipt_00388_2": 0.14285714285714285, "1_Tax_receipt_00388_2": 1.0, "2_48,100_receipt_00388_2": 0.0, "3_Services_receipt_00388_2": 0.0, "4_24,050_receipt_00388_2": 0.16666666666666666, "5_Sub_receipt_00388_2": 0.3333333333333333, "6_Total_receipt_00388_2": 0.0, "7_481,000_receipt_00388_2": 0.14285714285714285, "0_19.000_receipt_00732_1": 0.3333333333333333, "1_Rp_receipt_00732_1": 0.5, "2_Total_receipt_00732_1": 0.0, "3_19.000_receipt_00732_1": 0.16666666666666666, "4_Rp_receipt_00732_1": 0.5, "5_Subtotal_receipt_00732_1": 0.0, "0_SOCKET_X51005230648_0": 0.0, "1_OUTLET_X51005230648_0": 0.0, "2_@6.0000_X51005230648_0": 0.14285714285714285, "3_6.36_X51005230648_0": 0.0, "4_SCHNEIDER_X51005230648_0": 0.0, "5_E15R_X51005230648_0": 0.0, "6_13A_X51005230648_0": 0.0, "7_SWITCH_X51005230648_0": 0.0, "8_SR_X51005230648_0": 1.0, "9_Qty_X51005230648_0": 0.3333333333333333, "10_RM_X51005230648_0": 0.0, "11_Tax_X51005230648_0": 0.0, "12_No._X51005230648_0": 0.0, "13_BTG-052332_X51005230648_0": 0.0, "14_Tax_X51005230648_0": 0.0, "15_Invoice_X51005230648_0": 0.0, "16_:_X51005230648_0": 1.0, "17_GST_X51005230648_0": 0.0, "18_ID_X51005230648_0": 0.0, "19_001151500288_X51005230648_0": 0.08333333333333333, "20_:_X51005230648_0": 1.0, "21_:_X51005230648_0": 1.0, "22_Tel_X51005230648_0": 0.0, "23_03-6057_X51005230648_0": 0.0, "24_Fax_X51005230648_0": 0.0, "25_9688_X51005230648_0": 0.0, "26_03-6057_X51005230648_0": 0.0, "27_9678_X51005230648_0": 0.0, "28_KALI,_X51005230648_0": 0.2, "29_44300_X51005230648_0": 0.0, "30_BATANG_X51005230648_0": 0.0, "31_SELANGOR._X51005230648_0": 0.0, "32_KALI,_X51005230648_0": 0.0, "33_BANDAR_X51005230648_0": 0.0, "34_UTAMA_X51005230648_0": 0.0, "35_BATANG_X51005230648_0": 0.0, "36_47,_X51005230648_0": 0.0, "37_1,_X51005230648_0": 1.0, "38_3,_X51005230648_0": 0.0, "39_JALAN_X51005230648_0": 0.0, "40_MERANTI_X51005230648_0": 0.14285714285714285, "41_SEK._X51005230648_0": 0.0, "42_CROSS_X51005230648_0": 0.0, "43_CHANNEL_X51005230648_0": 0.0, "44_NETWORK_X51005230648_0": 0.0, "45_SDN._X51005230648_0": 0.0, "46_BHD._X51005230648_0": 0.0, "0_11_receipt_00256_0": 1.0, "1_181,500.00_receipt_00256_0": 0.0, "2_AMBUSH_receipt_00256_0": 0.16666666666666666, "3_BURG_receipt_00256_0": 0.5, "4_DBL_receipt_00256_0": 1.3333333333333333, "5_CHS_receipt_00256_0": 1.3333333333333333, "0_ _receipt_00131_0": 7.0, "0_02:1..50_X51005337867_2": 0.0, "1_PM---_X51005337867_2": 0.0, "2_STORED_X51005337867_2": 0.0, "3_Mar_X51005337867_2": 0.0, "4_18_X51005337867_2": 0.0, "5_-3004_X51005337867_2": 0.0, "6_22_X51005337867_2": 0.0, "7_0.00_X51005337867_2": 0.0, "8_INCLUSIVE_X51005337867_2": 0.0, "9_*_X51005337867_2": 0.0, "10_0.01_X51005337867_2": 0.0, "11_ing:_X51005337867_2": 0.0, "12_Round_X51005337867_2": 0.0, "13_30.24_X51005337867_2": 0.0, "14_Total:_X51005337867_2": 0.0, "15_1.71_X51005337867_2": 0.0, "16_@6%_X51005337867_2": 0.0, "17_GST_X51005337867_2": 0.0, "18_2.59_X51005337867_2": 0.0, "19_Chg:_X51005337867_2": 0.0, "20_Srv_X51005337867_2": 0.0, "21_10%_X51005337867_2": 0.0, "22_25.94_X51005337867_2": 0.0, "23_Subtotal:_X51005337867_2": 0.0, "24_Lemon_X51005337867_2": 0.0, "25_TF7_X51005337867_2": 0.0, "26_(C)_X51005337867_2": 0.3333333333333333, "27_T_X51005337867_2": 0.0, "28_Curry_X51005337867_2": 0.0, "29_Mee_X51005337867_2": 0.0, "30_1_X51005337867_2": 0.0, "31_SN5_X51005337867_2": 0.3333333333333333, "32_12.07_X51005337867_2": 0.0, "33_S_X51005337867_2": 0.0, "34_HS4_X51005337867_2": 0.0, "35_(H)_X51005337867_2": 0.0, "36_Tarik_X51005337867_2": 0.0, "37_TF2_X51005337867_2": 0.0, "38_Teh_X51005337867_2": 0.0, "0_Kembalian_receipt_00572_1": 0.3333333333333333, "1_0_receipt_00572_1": 1.0, "2_15000_receipt_00572_1": 0.2, "3_Tunai_receipt_00572_1": 0.2, "4_(0%)_receipt_00572_1": 0.25, "5_Discount_receipt_00572_1": 0.125, "0_MERCI_272_1": 0.0, "1_DE_272_1": 0.0, "2_VOTRE_272_1": 0.0, "3_VISITE_272_1": 0.0, "4_0005_272_1": 0.25, "5_002_272_1": 0.0, "6_11/07/2017_272_1": 0.0, "7_000008_272_1": 0.0, "8_06:46:40_272_1": 0.0, "9_EMV_272_1": 0.0, "10_CB_272_1": 0.0, "11_SANS_272_1": 0.0, "12_CONTACT_272_1": 0.0, "13_6.39\u20ac_272_1": 0.4, "14_EUR_272_1": 0.0, "15_(S)_272_1": 0.6666666666666666, "16_4_272_1": 0.0, "17_ARTICLE_272_1": 0.0, "18_TOTAL_272_1": 0.0, "19_A_272_1": 0.0, "20_PAYER_272_1": 0.0, "21_6.39\u20ac_272_1": 0.6, "22_*CROISSANTS_272_1": 0.09090909090909091, "23_X_272_1": 0.0, "24_2_272_1": 0.0, "25_1.20\u20ac_272_1": 0.4, "26_*CRF_272_1": 0.25, "27_CAFE_272_1": 0.0, "28_BIO_272_1": 0.0, "29_DOUX_272_1": 0.75, "30_2.29\u20ac_272_1": 0.4, "31_*CHOCOLATINE_272_1": 0.0, "32_X_272_1": 2.0, "33_2_272_1": 0.0, "34_1.30\u20ac_272_1": 0.4, "35_*CHAUSSONS_272_1": 0.0, "36_POMMES_272_1": 0.3333333333333333, "37_1.60e_272_1": 0.4, "38_AUX_272_1": 0.0, "0_BIENTOT_297_2": 0.0, "1_MERCI_297_2": 0.0, "2_DE_297_2": 0.0, "3_VOTRE_297_2": 0.2, "4_VISITE_297_2": 0.0, "0_CHANGE_receipt_00277_1": 0.16666666666666666, "1_0_receipt_00277_1": 0.0, "2_Card_receipt_00277_1": 0.25, "3_2,307,021_receipt_00277_1": 0.0, "4_TOTAL_receipt_00277_1": 0.0, "5_2,307,021_receipt_00277_1": 0.0, "6_Discount_receipt_00277_1": 0.0, "7_0_receipt_00277_1": 0.0, "8_Tax_receipt_00277_1": 0.0, "9_206,611_receipt_00277_1": 0.0, "10_137,410_receipt_00277_1": 0.0, "11_Service_receipt_00277_1": 0.0, "12_Sub_receipt_00277_1": 0.3333333333333333, "13_1,963,000_receipt_00277_1": 0.0, "14_Total_receipt_00277_1": 0.0, "15_JJIGAE_receipt_00277_1": 0.16666666666666666, "16_HAEMUL_receipt_00277_1": 0.0, "17_85,000_receipt_00277_1": 0.0, "18_DENJANG_receipt_00277_1": 0.0, "19_1_receipt_00277_1": 0.0, "20_NYEOM_receipt_00277_1": 0.0, "21_GUI_receipt_00277_1": 1.0, "22_300,000_receipt_00277_1": 0.14285714285714285, "23_JEKSEOK_receipt_00277_1": 0.0, "24_YANG_receipt_00277_1": 0.0, "25_1_receipt_00277_1": 0.0, "0_:_84_0": 1.0, "1_Tel_84_0": 0.0, "2_17000_84_0": 0.0, "3_LA_84_0": 0.0, "4_ROCHELLE_84_0": 0.0, "5_RUE_84_0": 0.0, "6_SCIERIE_84_0": 0.0, "7_33_84_0": 0.0, "8_DE_84_0": 0.0, "9_LA_84_0": 0.0, "10_CRF-CITY_84_0": 0.0, "11_LA_84_0": 0.0, "12_ROCHELLE_84_0": 0.0, "0_ITEM_receipt_00760_1": 0.0, "1_2_receipt_00760_1": 1.0, "2_QTY_receipt_00760_1": 1.0, "3_PCS_receipt_00760_1": 1.0, "4_2_receipt_00760_1": 0.0, "5_TOTAL_receipt_00760_1": 0.0, "6_CASH_receipt_00760_1": 0.0, "7_50,000_receipt_00760_1": 0.0, "8_DUE_receipt_00760_1": 0.0, "9_28,000_receipt_00760_1": 0.0, "10_1_receipt_00760_1": 0.0, "11_15,000_receipt_00760_1": 0.0, "12_Madness_receipt_00760_1": 0.0, "13_1_receipt_00760_1": 1.0, "14_13,000_receipt_00760_1": 0.0, "0_ARTICLE_61_2": 0.0, "1_(S)_61_2": 1.0, "2_22_61_2": 1.0, "3_TOTAL_61_2": 0.0, "4_A_61_2": 1.0, "5_PAYER_61_2": 0.0, "6_35.90\u20ac_61_2": 0.3333333333333333, "7_1.45\u20ac_61_2": 0.4, "8_FRAM/HU_61_2": 0.0, "9_YAF_61_2": 0.0, "10_PANIER_61_2": 0.16666666666666666, "11_0.5050kg_61_2": 0.125, "12_2.20\u20ac/kg_61_2": 0.125, "13_x_61_2": 1.0, "14_TOMATE_61_2": 0.16666666666666666, "15_GRAPPE_61_2": 0.0, "16_1.11\u20ac_61_2": 0.0, "17_SCE_61_2": 0.0, "18_BASILIC_61_2": 0.0, "19_1.64\u20ac_61_2": 0.4, "20_RAVIOLI_61_2": 0.0, "21_1.71\u20ac_61_2": 0.4, "22_9FROMAGES_61_2": 0.3333333333333333, "23_RADIS_61_2": 0.0, "24_RUSE_61_2": 0.25, "25_0.99_61_2": 0.25, "26_0.99\u20ac_61_2": 0.6, "27_LIN_61_2": 0.3333333333333333, "28_PPGRILLE_61_2": 1.0, "29_1.15\u20ac_61_2": 0.6, "30_PHILADELPHIA_61_2": 0.0, "31_NATUR_61_2": 0.0, "32_1.92\u20ac_61_2": 0.4, "33_PET_61_2": 0.0, "34_1.5L_61_2": 0.25, "35_EAU_61_2": 0.3333333333333333, "36_MIN._61_2": 0.25, "37_2x_61_2": 0.5, "38_1.16\u20ac_61_2": 0.2, "39_MCX_61_2": 1.0, "40_ALBACORE_61_2": 0.0, "41_NATUR_61_2": 0.0, "42_1.48\u20ac_61_2": 0.4, "43_GALBANI_61_2": 0.14285714285714285, "44_TR_61_2": 0.0, "45_MOZZARE_61_2": 0.2857142857142857, "46_1.49\u20ac_61_2": 0.4, "47_0.3502_61_2": 0.0, "48_x_61_2": 0.0, "49_11.88\u20ac_61_2": 0.3333333333333333, "0_remercie_771_2": 0.0, "1_..._771_2": 0.6666666666666666, "2_L'equipe_771_2": 0.0, "3_vous_771_2": 0.0, "4_COTE_771_2": 0.0, "5_SUD_771_2": 1.0, "6_du_771_2": 0.0, "0_TOMATE_149_1": 0.16666666666666666, "1_JAUNE_149_1": 0.2, "2_BQ_149_1": 0.5, "3_250G_149_1": 0.25, "4_2.50\u20ac_149_1": 0.4, "5_SAC_149_1": 0.3333333333333333, "6_PUIGN_149_1": 0.8, "7_0.15e_149_1": 0.4, "8_PLAQUETTE_149_1": 0.0, "9_D_149_1": 1.0, "10_BEURRE_149_1": 0.0, "11_1.08\u20ac_149_1": 0.4, "12_NEMS_149_1": 0.25, "13_P'ORC+SAUCE_149_1": 0.18181818181818182, "14_2.98\u20ac_149_1": 0.4, "15_HINIZZA_149_1": 0.2857142857142857, "16_BELIN_149_1": 0.4, "17_1.16\u20ac_149_1": 0.4, "18_HINI_149_1": 0.25, "19_BATON_149_1": 0.0, "20_BERGER_149_1": 0.0, "21_2.75\u20ac_149_1": 0.4, "22_FLAHMEKUECHE_149_1": 0.16666666666666666, "23_SURG._149_1": 0.0, "24_2.85e_149_1": 0.4, "25_CAKE_149_1": 0.0, "26_APERITI_149_1": 0.2857142857142857, "27_LEGUM_149_1": 0.2, "28_2.88\u20ac_149_1": 0.4, "29_CABECOU_149_1": 0.0, "30_LARDON_149_1": 0.16666666666666666, "31_AU_149_1": 0.5, "32_2.48\u20ac_149_1": 0.4, "33_BISC.PT_149_1": 0.14285714285714285, "34_DEJ.CRF_149_1": 0.0, "35_1.64e_149_1": 0.4, "36_BAGUETTE_149_1": 0.0, "37_250G_149_1": 0.25, "38_0.84\u20ac_149_1": 0.4, "39_500G_149_1": 0.25, "40_PAIN_149_1": 0.0, "41_DE_149_1": 0.5, "42_MIE_149_1": 0.3333333333333333, "43_1.17\u20ac_149_1": 0.4, "44_(0QUILL.CRF_149_1": 0.0, "45_500G_149_1": 0.25, "46_0.59\u20ac_149_1": 0.4, "47_2056_149_1": 0.25, "48_DESSERT_149_1": 0.14285714285714285, "49_NOIR_149_1": 0.25, "50_2.126_149_1": 0.4, "0_IKAN_receipt_00674_0": 1.0, "1_1_receipt_00674_0": 1.0, "2_GURAME_receipt_00674_0": 0.5, "3_MED_receipt_00674_0": 0.3333333333333333, "4_158,000_receipt_00674_0": 0.5714285714285714, "5_12,000_receipt_00674_0": 0.0, "6_HOT_receipt_00674_0": 1.0, "7_TEA_receipt_00674_0": 1.0, "8_5_receipt_00674_0": 1.0, "9_60,000_receipt_00674_0": 0.8333333333333334, "10_=*MEDIUM*=_receipt_00674_0": 0.6, "11_1_receipt_00674_0": 1.0, "12_87,000_receipt_00674_0": 0.16666666666666666, "13_NASI_receipt_00674_0": 1.0, "14_GORENG_receipt_00674_0": 0.3333333333333333, "15_NJUN_receipt_00674_0": 0.75, "16_=*MEDIUM*=_receipt_00674_0": 0.6, "17_87,000_receipt_00674_0": 0.16666666666666666, "18_BIHUN_receipt_00674_0": 0.8, "19_GORENG_receipt_00674_0": 0.3333333333333333, "20_JJ_receipt_00674_0": 1.0, "21_1_receipt_00674_0": 1.0, "22_=*MEDIUM*=_receipt_00674_0": 0.5, "23_AYAM_receipt_00674_0": 0.75, "24_GR_receipt_00674_0": 1.0, "25_KERING_receipt_00674_0": 0.16666666666666666, "26_108,000_receipt_00674_0": 1.0, "27_1_receipt_00674_0": 1.0, "28_=*MEDIUM*=_receipt_00674_0": 0.8, "29_JMR_receipt_00674_0": 0.6666666666666666, "30_147,000_receipt_00674_0": 0.0, "31_AGSIO_receipt_00674_0": 0.6, "32_TH_receipt_00674_0": 1.0, "33_1_receipt_00674_0": 1.0, "34_PC_receipt_00674_0": 1.0, "35_=*MEDIUM*=_receipt_00674_0": 0.8, "36_(M)_receipt_00674_0": 1.0, "37_162,000_receipt_00674_0": 0.5714285714285714, "38_UDANG_receipt_00674_0": 1.0, "39_REBUS_receipt_00674_0": 0.4, "40_1_receipt_00674_0": 1.0, "0_KEMBALI_receipt_00691_1": 0.5714285714285714, "1_2,100_receipt_00691_1": 0.2, "2_TUNAI_receipt_00691_1": 1.0, "3_60.000_receipt_00691_1": 0.0, "4_GRAND_receipt_00691_1": 0.6, "5_TOTAL_receipt_00691_1": 0.8, "6_57,900_receipt_00691_1": 0.5, "7_TAX_receipt_00691_1": 1.0, "8_10.00_receipt_00691_1": 0.2, "9_%_receipt_00691_1": 1.0, "10_5,264_receipt_00691_1": 0.4, "11_DPP_receipt_00691_1": 0.6666666666666666, "12_52.636_receipt_00691_1": 0.16666666666666666, "13_TOTAL_receipt_00691_1": 0.8, "14_52.636_receipt_00691_1": 0.3333333333333333, "15_AQUA_receipt_00691_1": 1.0, "16_BOTOL_receipt_00691_1": 0.6, "17_9.000_receipt_00691_1": 0.0, "18_1_receipt_00691_1": 1.0, "19_9.000_receipt_00691_1": 0.0, "20_ISI_receipt_00691_1": 1.0, "21_CAMPUR_receipt_00691_1": 0.5, "22_1_receipt_00691_1": 1.0, "23_43.636_receipt_00691_1": 0.16666666666666666, "24_43.636_receipt_00691_1": 0.3333333333333333, "0_ _receipt_00244_0": 2.0, "0_1006-Roti_receipt_00322_0": 0.0, "1_Molen_receipt_00322_0": 0.2, "2_7.500,00_receipt_00322_0": 0.125, "3_22.500,00_receipt_00322_0": 0.0, "4_x3_receipt_00322_0": 0.5, "5_3180-Soes_receipt_00322_0": 0.0, "6_Marmer_receipt_00322_0": 0.16666666666666666, "0_4_686_1": 0.0, "1_10,00%_686_1": 0.16666666666666666, "2_Total_686_1": 0.0, "3_TIC_686_1": 0.6666666666666666, "4_TVA_686_1": 0.0, "5_*23.80_686_1": 0.0, "6_TVA_686_1": 0.0, "7_10,00%_686_1": 0.16666666666666666, "8_Montant_686_1": 0.0, "9_*2.16_686_1": 0.0, "10_10,00%_686_1": 0.16666666666666666, "11_Total_686_1": 0.0, "12_H.T_686_1": 0.6666666666666666, "13_TVA_686_1": 0.3333333333333333, "14_*21.64_686_1": 0.16666666666666666, "15_*23.80_686_1": 0.0, "16_Sous_686_1": 0.0, "17_total_686_1": 0.0, "18_SUP_686_1": 0.6666666666666666, "19_SALADE_686_1": 0.16666666666666666, "20_+2.00_686_1": 0.2, "21_2.00_686_1": 0.0, "22_2_686_1": 0.0, "23_7.50_686_1": 0.0, "24_+7.50_686_1": 0.2, "25_PLAT_686_1": 0.0, "26_DU_686_1": 0.5, "27_JOUR_686_1": 0.0, "28_14.30_686_1": 0.0, "29_*14.30_686_1": 0.0, "0_Kembalian_receipt_00460_1": 0.0, "1_0_receipt_00460_1": 0.0, "2_11000_receipt_00460_1": 0.0, "3_Tunai_receipt_00460_1": 0.2, "4_11000_receipt_00460_1": 0.0, "5_Sub_receipt_00460_1": 0.0, "6_Total_receipt_00460_1": 0.0, "0_06051_X51005306399_1": 0.0, "1_02_X51005306399_1": 0.0, "2_18/03/18_X51005306399_1": 0.0, "3_17_X51005306399_1": 0.5, "4_15_X51005306399_1": 0.5, "5_Time_X51005306399_1": 0.25, "6_Num_X51005306399_1": 0.3333333333333333, "7_OPT_X51005306399_1": 0.6666666666666666, "8_Date_X51005306399_1": 0.0, "9_Points_X51005306399_1": 0.0, "10_Awarded_X51005306399_1": 0.0, "11_35_X51005306399_1": 0.0, "12_Loyalty_X51005306399_1": 0.0, "13_Card_X51005306399_1": 0.0, "14_Shell_X51005306399_1": 0.0, "15_86.00_X51005306399_1": 0.2, "16_Total_X51005306399_1": 0.0, "17_Gross_X51005306399_1": 0.0, "18_RM_X51005306399_1": 1.0, "19_4.87_X51005306399_1": 0.25, "20_RM_X51005306399_1": 0.5, "21_6.00%_X51005306399_1": 0.4, "22_GST_X51005306399_1": 0.3333333333333333, "23_86.00_X51005306399_1": 0.0, "24_Visa_X51005306399_1": 0.0, "25_RM_X51005306399_1": 0.5, "26_RM_X51005306399_1": 1.0, "27_86.00_X51005306399_1": 0.0, "28_Total_X51005306399_1": 0.0, "29_2.450_X51005306399_1": 0.2, "30_86.00_X51005306399_1": 0.0, "31_V-Power_X51005306399_1": 0.14285714285714285, "32_97_X51005306399_1": 0.0, "33_Pump_X51005306399_1": 0.25, "34_02_X51005306399_1": 0.0, "35_litre_X51005306399_1": 0.0, "36_#_X51005306399_1": 0.0, "37_35.10_X51005306399_1": 0.0, "0_YOU,_X51005444040_2": 0.5, "1_THANK_X51005444040_2": 0.0, "2_PLEASE_X51005444040_2": 0.0, "3_COME_X51005444040_2": 0.0, "4_AGAIN_X51005444040_2": 0.0, "5_WITHIN_X51005444040_2": 0.0, "6_3_X51005444040_2": 0.0, "7_DAYS_X51005444040_2": 0.0, "8_WITH_X51005444040_2": 0.0, "9_ORIGINAL_X51005444040_2": 0.0, "10_TAX_X51005444040_2": 0.0, "11_INVOICE_X51005444040_2": 0.0, "12_EXCHANGE_X51005444040_2": 0.0, "13_&_X51005444040_2": 0.0, "14_REFUND_X51005444040_2": 0.0, "15_BE_X51005444040_2": 0.0, "16_ALLOWED_X51005444040_2": 0.0, "17_MAY_X51005444040_2": 0.0, "18_BIG.COM.MY_X51005444040_2": 0.0, "19_Z=_X51005444040_2": 0.5, "20_0%_X51005444040_2": 0.0, "21_26.70_X51005444040_2": 0.0, "22_0.00_X51005444040_2": 0.0, "23_S=_X51005444040_2": 0.0, "24_6%_X51005444040_2": 0.5, "25_100.94_X51005444040_2": 0.0, "26_6.06_X51005444040_2": 0.0, "27_Analysis_X51005444040_2": 0.0, "28_GST_X51005444040_2": 0.0, "29_Goods_X51005444040_2": 0.0, "30_Tax_X51005444040_2": 0.3333333333333333, "31_Amount_X51005444040_2": 0.0, "32_Change_X51005444040_2": 0.0, "33_6.30_X51005444040_2": 0.0, "0_Gado-Gado_receipt_00105_0": 0.4444444444444444, "1_29,090_receipt_00105_0": 0.3333333333333333, "2_1_receipt_00105_0": 2.0, "0_ _receipt_00375_0": 2.0, "0_DESCRIPTION_363_0": 0.0, "1_QTE_363_0": 1.0, "2_MONTANT_363_0": 0.14285714285714285, "3_:_363_0": 2.0, "4_Tel_363_0": 0.0, "5_17000_363_0": 0.0, "6_LA_363_0": 0.0, "7_ROCHELLE_363_0": 0.0, "8_33_363_0": 0.0, "9_RUE_363_0": 0.0, "10_DE_363_0": 0.0, "11_LA_363_0": 1.5, "12_SCIERIE_363_0": 0.0, "13_CRF-CITY_363_0": 0.0, "14_LA_363_0": 0.0, "15_ROCHELLE_363_0": 0.0, "0_BEEF_receipt_00363_0": 0.0, "1_CURRY_receipt_00363_0": 0.0, "2_UDON_receipt_00363_0": 0.75, "3_52,727_receipt_00363_0": 0.3333333333333333, "4_1_receipt_00363_0": 1.0, "0_REGAIN_711_1": 0.16666666666666666, "1_VOUS_711_1": 1.0, "2_REMERCIE_711_1": 0.0, "3_DE_711_1": 0.0, "4_VOTRE_711_1": 0.0, "5_VISITE_711_1": 0.0, "6_17690_711_1": 0.0, "7_ANGOULINS_711_1": 0.0, "8_TEL:_711_1": 0.0, "9_05_711_1": 0.0, "10_46_711_1": 0.0, "11_42_711_1": 0.5, "12_05_711_1": 0.5, "13_03_711_1": 0.0, "14_:_711_1": 3.0, "15_Ticket_711_1": 0.0, "16_1-05729_711_1": 0.2857142857142857, "17_25/3/17_711_1": 0.14285714285714285, "18_Dt_711_1": 0.0, "19_10h59_711_1": 0.0, "20_5,50%_711_1": 0.2, "21_3,35_711_1": 1.0, "22_0,18_711_1": 0.0, "23_13,53_711_1": 0.8, "24_Taux_711_1": 0.0, "25_Mt_711_1": 0.0, "26_HT_711_1": 0.0, "27_T.V.A_711_1": 0.0, "28_Mt_711_1": 0.0, "29_TTC_711_1": 0.0, "0_Qty_receipt_00542_1": 0.3333333333333333, "1_3_receipt_00542_1": 0.0, "2_Total_receipt_00542_1": 0.0, "3_1_receipt_00542_1": 0.0, "4_Total_receipt_00542_1": 0.0, "5_Item_receipt_00542_1": 0.0, "6_-4,000_receipt_00542_1": 0.0, "7_Cash_receipt_00542_1": 0.0, "8_CHANGE_receipt_00542_1": 0.0, "9_70,000_receipt_00542_1": 0.0, "10_CASH_receipt_00542_1": 0.0, "0_remercie_472_4": 0.0, "1_de_472_4": 0.0, "2_votre_472_4": 0.0, "3_visite_472_4": 0.0, "4_Vous_472_4": 0.0, "5_MARKET_472_4": 0.0, "6_AYTRE_472_4": 0.0, "7_CARREFOUR_472_4": 0.0, "8_repris_472_4": 0.0, "9_echange_472_4": 0.0, "10_ni_472_4": 0.0, "11_Solde_472_4": 0.0, "12_ni_472_4": 0.0, "13_17/06/2017_472_4": 0.0, "14_11:48:07_472_4": 0.0, "15_0122_472_4": 0.0, "16_009_472_4": 0.3333333333333333, "17_000055_472_4": 0.16666666666666666, "18_Carte_472_4": 0.0, "19_:_472_4": 1.0, "20_BANCAIRE_472_4": 0.125, "21_CARTE_472_4": 0.0, "22_EMY_472_4": 0.3333333333333333, "23_EUR_472_4": 0.0, "24_115.30\u20ac_472_4": 0.2857142857142857, "25_115.30\u20ac_472_4": 0.2857142857142857, "26_TOTAL_472_4": 0.0, "27_A_472_4": 0.0, "28_PAYER_472_4": 0.0, "29_37_472_4": 1.0, "30_ARTICLE(S)_472_4": 0.0, "0_*RAISIN_215_2": 0.7142857142857143, "1_BLC_215_2": 0.3333333333333333, "2_PX_215_2": 0.5, "3_ROND_215_2": 0.25, "4_2.50\u20ac_215_2": 0.4, "5_*POMME_215_2": 0.5, "6_PINK_215_2": 0.0, "7_LADY_215_2": 0.0, "8_1.39\u20ac_215_2": 0.6, "9_*PDT_215_2": 0.75, "10_CONSERVATION_215_2": 0.0, "11_0.98\u20ac_215_2": 0.4, "12_*PCE_215_2": 0.75, "13_PCMELOS_215_2": 0.14285714285714285, "14_CHINOI_215_2": 0.16666666666666666, "15_1.75\u20ac_215_2": 0.4, "16_PATE_215_2": 0.0, "17_A_215_2": 0.0, "18_TART.CHOCO_215_2": 0.1, "19_1.70\u20ac_215_2": 0.4, "20_*PAIN_215_2": 1.0, "21_AMERIC.SANDWI_215_2": 0.23076923076923078, "22_0.80\u20ac_215_2": 0.4, "23_*OEUF.LOMP.RGE_215_2": 0.9285714285714286, "24_100G_215_2": 0.25, "25_1.85\u20ac_215_2": 0.4, "26_*NECT.MLTFRTS_215_2": 0.15384615384615385, "27_CRF_215_2": 0.0, "28_2x_215_2": 1.0, "29_1.32_215_2": 0.0, "30_2.64e_215_2": 0.6, "31_*MOULE_215_2": 0.3333333333333333, "32_PECHE_215_2": 0.0, "33_PPX_215_2": 0.6666666666666666, "34_4.30\u20ac_215_2": 0.4, "35_KG_215_2": 1.0, "36_POULET_215_2": 0.0, "37_JNE_215_2": 0.3333333333333333, "38_PAC_215_2": 0.0, "39_4.43\u20ac_215_2": 0.4, "40_*GRENADE_215_2": 0.125, "41_PIECE_215_2": 0.0, "42_0.95\u20ac_215_2": 0.4, "43_*GALETTE_215_2": 0.25, "44_FRANGIPANE_215_2": 0.0, "45_4.95\u20ac_215_2": 0.4, "46_*FLT_215_2": 0.0, "47_AVOCAT_215_2": 1.0, "48_3FTS_215_2": 0.75, "49_2.49\u20ac_215_2": 0.4, "50_*CITRON_215_2": 0.14285714285714285, "51_JNE_215_2": 0.3333333333333333, "52_PIECE_215_2": 0.0, "53_0.45\u20ac_215_2": 0.4, "54_*CHAMPIGNON_215_2": 0.2727272727272727, "55_250GR_215_2": 0.2, "56_0.99\u20ac_215_2": 0.4, "0_Carte_583_2": 0.0, "1_CARREFOUR_583_2": 0.0, "2_Cartes_583_2": 0.0, "3_Banceires_583_2": 0.1111111111111111, "4_\u20ac_583_2": 0.0, "5_42,26_583_2": 0.4, "6_42,26_583_2": 0.4, "7_14_583_2": 0.5, "8_ARTICLES_583_2": 0.0, "9_TOTAL_583_2": 0.0, "10_A_583_2": 0.0, "11_PAYER_583_2": 0.0, "12_1,00-_583_2": 0.2, "13_TOTAL_583_2": 0.2, "14_DES_583_2": 0.0, "15_AVANTAGES_583_2": 0.2222222222222222, "16_JOUR_583_2": 0.75, "17_1,00-_583_2": 0.4, "18_Bon_583_2": 0.3333333333333333, "19_de_583_2": 0.0, "20_reduction_583_2": 0.0, "21_ARTICLES_583_2": 0.0, "22_50.08_583_2": 0.0, "23_14_583_2": 0.5, "24_TOTAL_583_2": 0.0, "25_AVANT_583_2": 0.0, "26_REMISES_583_2": 0.0, "0_Kembali_receipt_00781_1": 0.0, "1_50.000_receipt_00781_1": 0.16666666666666666, "2_Tunai_receipt_00781_1": 0.0, "3_100.000_receipt_00781_1": 0.0, "4_Total_receipt_00781_1": 0.0, "5_50.000_receipt_00781_1": 0.0, "6_Pembulatan_receipt_00781_1": 0.0, "7_(1)_receipt_00781_1": 1.0, "8_(10%)_receipt_00781_1": 0.0, "9_PB1_receipt_00781_1": 0.0, "10_4.546_receipt_00781_1": 0.2, "11_Subtotal_receipt_00781_1": 0.0, "12_45.455_receipt_00781_1": 0.0, "0_HOLLANDAISE_493_1": 0.0, "1_SAUCE_493_1": 0.0, "2_1.60\u20ac_493_1": 0.4, "3_BQ_493_1": 0.5, "4_3FRT_493_1": 0.25, "5_*POIRE_493_1": 0.0, "6_0,99_493_1": 0.75, "7_0.99\u20ac_493_1": 0.6, "8_*PDT_493_1": 0.0, "9_CONSERV.BLCHE_493_1": 0.07692307692307693, "10_0.99\u20ac_493_1": 0.4, "11_COOKIES_493_1": 0.0, "12_TT_493_1": 1.0, "13_CHOCO_493_1": 0.0, "14_0.90\u20ac_493_1": 0.6, "15_*BAGUETTE_493_1": 0.3333333333333333, "16_CARREFOUR_493_1": 0.0, "17_0.85\u20ac_493_1": 0.4, "18_*BAGUETTE_493_1": 0.0, "19_CAMPAGNAR_493_1": 0.2222222222222222, "20_0.95\u20ac_493_1": 0.4, "21_*APERIVRAIS_493_1": 0.09090909090909091, "22_PROVENC_493_1": 0.14285714285714285, "23_1.68\u20ac_493_1": 0.4, "24_REMISE_493_1": 0.16666666666666666, "25_-0.44e_493_1": 0.3333333333333333, "26_2X500G_493_1": 0.16666666666666666, "27_SPAGHETTI_493_1": 0.0, "28_P_493_1": 1.0, "29_1.48\u20ac_493_1": 0.4, "30_216G_493_1": 0.25, "31_MUF_493_1": 0.3333333333333333, "32_TT_493_1": 1.0, "33_CHOCO_493_1": 0.6, "34_1.99\u20ac_493_1": 0.2, "35_*1L_493_1": 0.6666666666666666, "36_PJ_493_1": 0.5, "37_ORANGE_493_1": 0.0, "38_CRF_493_1": 0.0, "39_*1L_493_1": 1.0, "40_LE_493_1": 0.0, "41_FRT_493_1": 0.0, "42_MULTIFRT_493_1": 0.0, "43_1.44\u20ac_493_1": 0.4, "44_*130G_493_1": 0.4, "45_CHIPS_493_1": 0.0, "46_FROMAGE_493_1": 0.0, "47_1.35\u20ac_493_1": 0.4, "48_*120G_493_1": 0.2, "49_PAVE_493_1": 0.0, "50_THON/TOM_493_1": 0.125, "51_2.45\u20ac_493_1": 0.4, "52_*120G_493_1": 0.6, "53_FIL.MQX_493_1": 0.2857142857142857, "54_A_493_1": 0.0, "55_POE_493_1": 0.0, "56_2.38\u20ac_493_1": 0.4, "57_*120G_493_1": 0.4, "58_FIL.MQX_493_1": 0.2857142857142857, "59_A_493_1": 0.0, "60_POE_493_1": 0.0, "61_2.38\u20ac_493_1": 0.4, "0_12,500_receipt_00454_0": 0.0, "1_MILK_receipt_00454_0": 0.0, "2_CREAM_receipt_00454_0": 0.0, "3_BREAD_receipt_00454_0": 0.0, "4_1_receipt_00454_0": 0.0, "0_TOTAL_receipt_00321_2": 0.4, "1_Subtotal_receipt_00321_2": 0.0, "2_PASTRY_receipt_00321_2": 0.0, "3_MODIFIER_receipt_00321_2": 0.25, "4_Subtotal_receipt_00321_2": 0.0, "5_0_receipt_00321_2": 1.0, "6_1,095,000_receipt_00321_2": 0.1111111111111111, "7_Subtotal_receipt_00321_2": 0.0, "8_FOOD_receipt_00321_2": 0.75, "9_275,000_receipt_00321_2": 0.0, "10_ALCOHOL_receipt_00321_2": 0.0, "11_Subtotal_receipt_00321_2": 0.0, "12_NON_receipt_00321_2": 0.3333333333333333, "13_BEV_receipt_00321_2": 0.6666666666666666, "0_ _receipt_00624_0": 4.0, "0_1.29\u20ac_667_1": 0.6, "1_LE_667_1": 0.0, "2_BON_667_1": 0.0, "3_BRIE_667_1": 0.0, "4_COEUR_667_1": 0.0, "5_LI_667_1": 1.0, "6_H_667_1": 0.0, "7_EMMENTAL_667_1": 0.0, "8_RAPE_667_1": 0.0, "9_ZIP_667_1": 0.3333333333333333, "10_AU_667_1": 0.5, "11_1.41\u20ac_667_1": 0.4, "12_H_667_1": 0.0, "13_EMMENTAL_667_1": 0.0, "14_RAPE_667_1": 0.0, "15_ZIP_667_1": 0.3333333333333333, "16_1.41\u20ac_667_1": 0.4, "17_AU_667_1": 0.5, "18_BRIE_667_1": 0.0, "19_200G_667_1": 0.5, "20_H_667_1": 0.0, "21_1.13\u20ac_667_1": 0.4, "22_CREMERIE_667_1": 0.125, "23_LS_667_1": 1.0, "24_>>_667_1": 0.0, "25_LAIT_667_1": 0.0, "26_B.01/2ECREME_667_1": 0.08333333333333333, "27_5.64\u20ac_667_1": 1.0, "28_H_667_1": 0.0, "29_AU_667_1": 0.5, "30_B.01/2ECREME_667_1": 0.08333333333333333, "31_H_667_1": 0.0, "32_LAIT_667_1": 0.25, "33_AU_667_1": 0.5, "34_5.64\u20ac_667_1": 0.4, "35_ATLANTIQUE_667_1": 0.0, "36_4.25\u20ac_667_1": 0.4, "37_IGP_667_1": 0.0, "38_OCEAN_667_1": 0.0, "39_CASTILLON_667_1": 0.0, "40_CT_667_1": 1.0, "41_BDX_667_1": 1.0, "42_GAI_667_1": 0.3333333333333333, "43_2.40\u20ac_667_1": 0.4, "44_CAB_667_1": 0.0, "45_ANJOU_667_1": 0.0, "46_CHANAU_667_1": 0.0, "47_ROS_667_1": 0.0, "48_3.80\u20ac_667_1": 0.4, "49_2.10\u20ac_667_1": 0.4, "50_PUR_667_1": 0.0, "51_JUS_667_1": 0.6666666666666666, "52_POMM_667_1": 0.0, "53_BOISSONS_667_1": 1.0, "54_>>_667_1": 0.0, "55_POIS_667_1": 0.25, "56_CAROT265G_667_1": 0.1111111111111111, "57_0.73\u20ac_667_1": 0.4, "58_H_667_1": 0.0, "59_PETIT_667_1": 0.0, "60_H_667_1": 0.0, "61_HARICO_667_1": 0.3333333333333333, "62_EXT_667_1": 0.0, "63_FIN_667_1": 0.0, "64_VERT_667_1": 0.0, "65_0.64\u20ac_667_1": 0.4, "66_HARICO_667_1": 0.0, "67_0.67\u20ac_667_1": 0.4, "68_H_667_1": 0.0, "69_BLA_667_1": 0.0, "70_NC_667_1": 0.5, "71_AUCHAN_667_1": 0.0, "0_DESCRIPTION_321_0": 0.0, "1_QTE_321_0": 1.0, "2_MONTANT_321_0": 0.2857142857142857, "3_:_321_0": 1.0, "4_Tel_321_0": 0.0, "5_17000_321_0": 0.0, "6_LA_321_0": 0.0, "7_ROCHELLE_321_0": 0.0, "8_33_321_0": 0.5, "9_RUE_321_0": 0.0, "10_DE_321_0": 0.0, "11_LA_321_0": 0.5, "12_SCIERIE_321_0": 0.0, "13_CRF-CITY_321_0": 0.125, "14_LA_321_0": 0.5, "15_ROCHELLE_321_0": 0.0, "0_ _receipt_00487_3": 2.0, "0_DESCRIPTION_531_0": 0.0, "1_QTE_531_0": 0.3333333333333333, "2_MONTANT_531_0": 0.14285714285714285, "3_:_531_0": 1.0, "4_Tel_531_0": 0.0, "5_45000_531_0": 0.0, "6_ORLEANS_531_0": 0.0, "7_1,_531_0": 1.0, "8_RUE_531_0": 0.0, "9_DU_531_0": 1.0, "10_GRENIER_531_0": 0.0, "11_A_531_0": 0.0, "12_SEL_531_0": 0.0, "13_CARREFOUR_531_0": 0.0, "14_CITY_531_0": 0.0, "15_ORLEANS_531_0": 0.0, "0_Qty_receipt_00002_1": 0.0, "1_Total_receipt_00002_1": 0.0, "2_16_receipt_00002_1": 1.0, "3_Total_receipt_00002_1": 0.0, "4_Item_receipt_00002_1": 0.0, "5_5_receipt_00002_1": 1.0, "6_Cash_receipt_00002_1": 0.0, "7_CHANGE_receipt_00002_1": 0.0, "8_-16,000_receipt_00002_1": 0.0, "9_CASH_receipt_00002_1": 0.0, "10_350,000_receipt_00002_1": 0.0, "11_Total_receipt_00002_1": 0.0, "12_334,000_receipt_00002_1": 0.0, "13_Subtotal_receipt_00002_1": 0.0, "14_334,000_receipt_00002_1": 0.0, "15_CRISPY_receipt_00002_1": 0.0, "16_TAHU_receipt_00002_1": 0.25, "17_GORENG_receipt_00002_1": 0.0, "18_3_receipt_00002_1": 1.0, "19_60,000_receipt_00002_1": 0.0, "20_CRISPY_receipt_00002_1": 0.16666666666666666, "21_2_receipt_00002_1": 0.0, "22_BAKPAO_receipt_00002_1": 0.0, "23_42,000_receipt_00002_1": 0.0, "24_BKR_receipt_00002_1": 0.0, "25_C_receipt_00002_1": 1.0, "26_3_receipt_00002_1": 2.0, "27_CEKER_receipt_00002_1": 0.2, "28_AYAM_receipt_00002_1": 0.0, "29_60,000_receipt_00002_1": 0.16666666666666666, "30_4_receipt_00002_1": 1.0, "31_SIAO_receipt_00002_1": 0.25, "32_MAI_receipt_00002_1": 0.3333333333333333, "33_BABI_receipt_00002_1": 0.0, "34_80,000_receipt_00002_1": 0.0, "35_HAKAU_receipt_00002_1": 0.0, "36_UDANG_receipt_00002_1": 0.0, "37_4_receipt_00002_1": 1.0, "38_92,000_receipt_00002_1": 0.0, "0_Change_receipt_00712_1": 0.16666666666666666, "1_Due_receipt_00712_1": 0.0, "2_0_receipt_00712_1": 1.0, "3_300,000_receipt_00712_1": 0.14285714285714285, "4_Debit BCA_receipt_00712_1": 0.2222222222222222, "5_300,000_receipt_00712_1": 0.0, "6_Total_receipt_00712_1": 0.0, "7_300,000_receipt_00712_1": 0.14285714285714285, "8_300,000_receipt_00712_1": 1.0, "9_1X_receipt_00712_1": 1.5, "10_JOL120014_receipt_00712_1": 0.0, "11_Luxury_receipt_00712_1": 0.6666666666666666, "12_Jolie Mi_receipt_00712_1": 0.125, "0_ _receipt_00280_0": 3.0, "0_MERCI_331_1": 0.0, "1_DE_331_1": 0.0, "2_VOTRE_331_1": 0.0, "3_VISITE_331_1": 0.0, "4_0005_331_1": 0.25, "5_002_331_1": 0.0, "6_000060_331_1": 0.0, "7_29/07/2017_331_1": 0.0, "8_08:40:50_331_1": 0.0, "9_CB_331_1": 0.0, "10_EMV_331_1": 0.3333333333333333, "11_SANS_331_1": 0.0, "12_CONTACT_331_1": 0.0, "13_5.39\u20ac_331_1": 0.4, "14_EUR_331_1": 0.0, "15_3_331_1": 0.0, "16_ARTICLE_331_1": 0.0, "17_(S)_331_1": 1.0, "18_TOTAL_331_1": 0.0, "19_A_331_1": 0.0, "20_PAYER_331_1": 0.0, "21_5.39\u20ac_331_1": 0.2, "22_1.95\u20ac_331_1": 0.4, "23_*BQ_331_1": 0.6666666666666666, "24_1.80\u20ac_331_1": 0.4, "25_TOMATE_331_1": 0.16666666666666666, "26_CERISE_331_1": 0.16666666666666666, "27_BIO_331_1": 0.0, "28_*BISC.PT_331_1": 0.0, "29_DEJ.CRE_331_1": 0.14285714285714285, "30_1.64\u20ac_331_1": 0.4, "31_QTE_331_1": 1.3333333333333333, "32_DESCRIPTION_331_1": 0.0, "33_NONTANT_331_1": 0.14285714285714285, "0_is_X51005444037_2": 0.0, "1_important,_X51005444037_2": 0.0, "2_Your_X51005444037_2": 0.0, "3_feedback_X51005444037_2": 0.0, "4_you?_X51005444037_2": 0.0, "5_How_X51005444037_2": 0.0, "6_was_X51005444037_2": 0.0, "7_it_X51005444037_2": 0.0, "8_for_X51005444037_2": 0.0, "9_7.30_X51005444037_2": 0.0, "10_GST_X51005444037_2": 0.0, "11_@6%_X51005444037_2": 0.0, "12_129.30_X51005444037_2": 0.0, "13_Sub_X51005444037_2": 0.0, "14_Total_X51005444037_2": 0.0, "15_S_X51005444037_2": 0.0, "16_3_X51005444037_2": 0.0, "17_1/4-M_X51005444037_2": 0.0, "18_S_X51005444037_2": 0.0, "19_3_X51005444037_2": 0.0, "20_1/4_X51005444037_2": 0.0, "21_@17.90_X51005444037_2": 0.0, "22_53.70_X51005444037_2": 0.0, "23_S_X51005444037_2": 1.0, "24_Chic+1sd-T_X51005444037_2": 0.1, "25_3_X51005444037_2": 0.0, "26_GrillVeg-H_X51005444037_2": 0.1, "27_GrillVeg-H_X51005444037_2": 0.1, "28_GrillVeg-H_X51005444037_2": 0.0, "29_GrillVeg-H_X51005444037_2": 0.1, "0_SUB-TOTAL_receipt_00583_1": 0.0, "1_72,500.00_receipt_00583_1": 0.0, "2_2_receipt_00583_1": 0.0, "3_CHG_receipt_00583_1": 0.3333333333333333, "4_TO_receipt_00583_1": 1.0, "5_REG_receipt_00583_1": 0.3333333333333333, "6_JASMINE_receipt_00583_1": 0.5714285714285714, "7_1_receipt_00583_1": 1.0, "8_1_receipt_00583_1": 2.0, "9_BIC_receipt_00583_1": 0.0, "10_ALA_receipt_00583_1": 1.0, "11_CARTE_receipt_00583_1": 0.2, "12_17,500.00_receipt_00583_1": 0.0, "13_1_receipt_00583_1": 1.0, "14_KING_receipt_00583_1": 0.75, "15_DEAL_receipt_00583_1": 0.25, "16_CHEESE_receipt_00583_1": 0.0, "17_27,500.00_receipt_00583_1": 0.1111111111111111, "18_BG_receipt_00583_1": 1.0, "19_KING_receipt_00583_1": 0.0, "20_1_receipt_00583_1": 1.0, "21_DEAL_receipt_00583_1": 0.0, "22_FISH_receipt_00583_1": 0.25, "23_27,500.00_receipt_00583_1": 0.1111111111111111, "0_25.000_receipt_00772_1": 0.16666666666666666, "1_Debet_receipt_00772_1": 0.2, "2_Card_receipt_00772_1": 0.25, "3_25.000_receipt_00772_1": 0.0, "4_Total._receipt_00772_1": 0.0, "5_2_receipt_00772_1": 0.0, "6_Total_receipt_00772_1": 0.2, "7_Item:_receipt_00772_1": 0.4, "8_0_receipt_00772_1": 1.0, "9_x1_receipt_00772_1": 1.0, "10_0_receipt_00772_1": 1.0, "11_Bag_receipt_00772_1": 0.3333333333333333, "12_6001-Plastic_receipt_00772_1": 0.08333333333333333, "13_Small_receipt_00772_1": 0.0, "14_25.000_receipt_00772_1": 0.0, "15_25.000_receipt_00772_1": 0.0, "16_x1_receipt_00772_1": 0.0, "17_4005-Maple_receipt_00772_1": 0.1, "18_glazed_receipt_00772_1": 0.0, "0_:_43_1": 1.0, "1_Carte_43_1": 0.0, "2_ESPECES_43_1": 0.0, "3_EUR_43_1": 0.0, "4_40.30\u20ac_43_1": 0.3333333333333333, "5_40.30\u20ac_43_1": 0.3333333333333333, "6_(S)_43_1": 1.0, "7_A_43_1": 0.0, "8_ARTICLE_43_1": 0.0, "9_TOTAL_43_1": 0.0, "10_PAYER_43_1": 0.0, "11_5_43_1": 0.0, "12_8.50\u20ac_43_1": 0.6, "13_BIERE_43_1": 0.0, "14_X4_43_1": 0.5, "15_*T_43_1": 0.5, "16_23.85\u20ac_43_1": 0.3333333333333333, "17_7.95_43_1": 0.5, "18_3x_43_1": 0.5, "19_*GUIGNETTE_43_1": 0.1, "20_VERT_43_1": 0.25, "21_75CL_43_1": 0.75, "22_7.95\u20ac_43_1": 0.4, "23_ROUGE_43_1": 0.0, "24_*GUIGNETTE_43_1": 0.1, "0_GRAND_receipt_00419_1": 1.0, "1_TOTAL_receipt_00419_1": 1.0, "2_VOUCHER_receipt_00419_1": 1.0, "3_369,600_receipt_00419_1": 0.42857142857142855, "4_0_receipt_00419_1": 1.0, "5_Pb1_receipt_00419_1": 1.0, "6_SERVICE_receipt_00419_1": 0.5714285714285714, "7_33,600_receipt_00419_1": 0.3333333333333333, "8_16,000_receipt_00419_1": 0.0, "9_SUBTOTAL_receipt_00419_1": 0.25, "10_320,000_receipt_00419_1": 0.14285714285714285, "0_BIENTOT_40_2": 0.0, "0_13,636_receipt_00031_0": 0.5, "1_Burger_receipt_00031_0": 0.3333333333333333, "2_Colonel_receipt_00031_0": 0.2857142857142857, "3_1_receipt_00031_0": 2.0, "4_15,000_receipt_00031_0": 0.0, "5_Chicken_receipt_00031_0": 0.14285714285714285, "6_HCC,_receipt_00031_0": 1.0, "7_1Pcs_receipt_00031_0": 0.5, "8_1_receipt_00031_0": 1.0, "0_33,000_receipt_00128_0": 0.0, "1_SUB TOTAL_receipt_00128_0": 0.2222222222222222, "2_33,000_receipt_00128_0": 0.0, "3_33,000_receipt_00128_0": 0.0, "4_1_receipt_00128_0": 1.0, "5_BITES_receipt_00128_0": 0.0, "6_CHEEZY_receipt_00128_0": 0.16666666666666666, "7_DOG_receipt_00128_0": 0.3333333333333333, "0_Soaghetti_receipt_00461_0": 0.3333333333333333, "1_1_receipt_00461_0": 1.0, "2_Deluxe_receipt_00461_0": 0.5, "3_8,182_receipt_00461_0": 0.6, "4_2_receipt_00461_0": 0.0, "5_KFC_receipt_00461_0": 1.0, "6_Winger_receipt_00461_0": 0.16666666666666666, "7_HC_receipt_00461_0": 1.0, "8_40,000_receipt_00461_0": 0.3333333333333333, "0_MANUKA_receipt_00791_0": 0.0, "1_385,000_receipt_00791_0": 0.14285714285714285, "2_HONEY_receipt_00791_0": 0.0, "0_DESCRIPTION_59_0": 0.0, "1_QTE_59_0": 0.0, "2_MONTANT_59_0": 0.14285714285714285, "3_Tel_59_0": 0.0, "4_17000_59_0": 0.0, "5_LA_59_0": 0.5, "6_ROCHELLE_59_0": 0.0, "7_33_59_0": 0.0, "8_RUE_59_0": 0.0, "9_DE_59_0": 0.0, "10_LA_59_0": 0.0, "11_SCIERIE_59_0": 0.14285714285714285, "12_CRF-CITY_59_0": 0.0, "13_LA_59_0": 0.5, "14_ROCHELLE_59_0": 0.0, "0_QTE_215_0": 1.0, "1_DESCRIPTION_215_0": 0.0, "2_MONTANT_215_0": 0.5714285714285714, "3_Gargot_215_0": 0.0, "4_Aytre._215_0": 0.0, "5_Nicolas_215_0": 0.0, "6_Rue_215_0": 0.0, "7_17440_215_0": 0.0, "8_Dimanche_215_0": 0.0, "9_9h_215_0": 0.5, "10_a_215_0": 1.0, "11_12h30_215_0": 0.0, "12_Lundi_215_0": 0.0, "13_au_215_0": 0.0, "14_Samedi_215_0": 0.0, "15_de_215_0": 0.0, "16_9h_215_0": 1.0, "17_a_215_0": 1.0, "18_20h00_215_0": 0.0, "19_:_215_0": 1.0, "20_Tel_215_0": 0.0, "21_0546457320_215_0": 0.0, "22_market_215_0": 0.0, "23_AYTRE_215_0": 0.0, "24_Carrefour_215_0": 0.0, "0_Tel:_779_0": 0.0, "1_31_779_0": 0.0, "2_15_779_0": 0.0, "3_18_779_0": 0.0, "4_33_779_0": 0.0, "5_05_779_0": 0.0, "6_TOULOUSE_779_0": 0.0, "7_31000_779_0": 0.0, "8_Leon_779_0": 0.0, "9_Gambetta_779_0": 0.0, "10_5_779_0": 0.0, "11_rue_779_0": 0.0, "12_Jeu_779_0": 0.0, "13_C'est_779_0": 0.0, "14_le_779_0": 0.0, "15_26/12/20_779_0": 0.125, "16_5_779_0": 1.0, "17_TK-0062228_779_0": 0.0, "18_17:26_779_0": 0.2, "0_Patapain_699_1": 0.0, "1_sur_699_1": 0.0, "2_page_699_1": 0.0, "3_la_699_1": 0.0, "4_officielle_699_1": 0.0, "5_capital_699_1": 0.0, "6_FRR_699_1": 0.0, "7_SASU_699_1": 0.0, "8_au_699_1": 0.0, "9_de_699_1": 0.0, "10_euros_699_1": 0.0, "11_2.000.000_699_1": 0.0, "12_FR69330319260_699_1": 0.0, "13_330_699_1": 0.0, "14_319_699_1": 0.0, "15_260_699_1": 0.0, "16_RCS_699_1": 0.3333333333333333, "17_BOURGES_699_1": 0.0, "18_03/01/2017_699_1": 0.0, "19_19:13_699_1": 0.2, "20_Num:_699_1": 0.5, "21_31590_699_1": 0.2, "22_Caisse:_699_1": 0.14285714285714285, "23_68702_699_1": 0.0, "24_5,50_699_1": 0.25, "25_5,80_699_1": 0.5, "26_5.50_699_1": 0.5, "27_0,30_699_1": 0.25, "28_TVA_699_1": 0.6666666666666666, "29_Brut_699_1": 0.0, "30_N.T._699_1": 0.5, "31_TVA_699_1": 0.0, "32_Espece_699_1": 0.0, "33_percu:_699_1": 0.3333333333333333, "34_20,00_699_1": 0.2, "35_14,20_699_1": 0.2, "36_Rendu:_699_1": 0.16666666666666666, "37_Especes_699_1": 0.0, "38_5,80_699_1": 0.0, "39_5,80_699_1": 0.0, "40_TOTAL_699_1": 0.2, "41_EUR_699_1": 0.0, "0_17,000_receipt_00268_0": 0.3333333333333333, "1_SUB_receipt_00268_0": 0.6666666666666666, "2_TOTAL_receipt_00268_0": 0.0, "3_17,000_receipt_00268_0": 0.3333333333333333, "4_17,000_receipt_00268_0": 0.16666666666666666, "5_1_receipt_00268_0": 1.0, "0_TQ^^_X51005301659_2": 0.5, "1_RECEIPT_X51005301659_2": 0.14285714285714285, "2_WITH_X51005301659_2": 0.5, "3_ORIGINAL_X51005301659_2": 0.0, "4_DAYS_X51005301659_2": 0.0, "5_WITHIN_X51005301659_2": 0.0, "6_PLEASE_X51005301659_2": 0.0, "7_RETURN_X51005301659_2": 0.0, "8_DO_X51005301659_2": 1.0, "9_GOODS_X51005301659_2": 0.8, "10_ANY_X51005301659_2": 0.0, "11_THANK_X51005301659_2": 0.4, "12_YOU_X51005301659_2": 1.0, "0_Tel_107_0": 0.3333333333333333, "1_ROCHELLE_107_0": 0.0, "2_LA_107_0": 0.0, "3_17000_107_0": 0.0, "4_SCIERIE_107_0": 0.0, "5_DE_107_0": 0.0, "6_LA_107_0": 0.0, "7_33_107_0": 0.0, "8_RUE_107_0": 0.0, "9_ROCHELLE_107_0": 0.0, "10_CRF-CITY_107_0": 0.0, "11_LA_107_0": 0.5, "0_QTE_229_0": 0.6666666666666666, "1_NONTANT_229_0": 0.14285714285714285, "2_DESCRIPTION_229_0": 0.0, "3_Aytre._229_0": 0.16666666666666666, "4_Gargot_229_0": 0.0, "5_Nicolas_229_0": 0.0, "6_17440_229_0": 0.0, "7_Rue_229_0": 0.0, "8_12h30_229_0": 0.0, "9_Dimanche_229_0": 0.0, "10_9h_229_0": 0.5, "11_a_229_0": 0.0, "12_9h_229_0": 0.5, "13_a_229_0": 0.0, "14_20RO0_229_0": 0.6, "15_Lundi_229_0": 0.2, "16_au_229_0": 0.0, "17_Samedi_229_0": 0.16666666666666666, "18_de_229_0": 0.0, "19_0546457320_229_0": 0.0, "20_Tel_229_0": 0.0, "21_Carrefour_229_0": 0.0, "22_market_229_0": 0.0, "0_CHANGE_receipt_00022_1": 0.0, "1_78.000_receipt_00022_1": 0.0, "2_CASH_receipt_00022_1": 0.0, "3_100.000_receipt_00022_1": 0.0, "4_***TOTAL_receipt_00022_1": 0.25, "5_ITEMS_receipt_00022_1": 0.0, "6_1Q_receipt_00022_1": 1.0, "0_Details:_163_1": 0.0, "1_compte_163_1": 0.0, "2_Carrefour._163_1": 0.0, "3_votre_163_1": 0.0, "4_fidelite_163_1": 0.125, "5_0.03\u20ac_163_1": 0.4, "6_sur_163_1": 0.0, "7_auriez_163_1": 0.0, "8_cumule_163_1": 0.0, "9_la_163_1": 0.0, "10_fidelite,_163_1": 0.0, "11_vous_163_1": 0.0, "12_aviez_163_1": 0.0, "13_carte_163_1": 0.0, "14_1.38\u20ac_163_1": 0.4, "15_EUR_163_1": 0.0, "16_CARTE_163_1": 0.0, "17_BANCAIRE_163_1": 0.0, "18_EMV_163_1": 0.0, "19_1.38\u20ac_163_1": 0.4, "20_ARTICLE_163_1": 0.0, "21_(S)_163_1": 0.3333333333333333, "22_TOTAL_163_1": 0.0, "23_A_163_1": 1.0, "24_2_163_1": 0.0, "25_PAYER_163_1": 0.0, "26_1/2ECR_163_1": 0.0, "27_0.69\u20ac_163_1": 0.4, "28_LAIT_163_1": 0.0, "29_*BRK_163_1": 0.0, "30_1L_163_1": 1.0, "31_0.69\u20ac_163_1": 0.4, "32_GOURMAN_163_1": 0.14285714285714285, "33_*150G_163_1": 0.4, "34_CHIPS_163_1": 0.0, "35_MONTANT_163_1": 0.2857142857142857, "36_QTE_163_1": 1.0, "37_DESCRIPTION_163_1": 0.0, "0_100,000_receipt_00184_1": 0.0, "1_CASH_receipt_00184_1": 0.0, "0_Total_receipt_00516_1": 0.2, "1_Qty_receipt_00516_1": 0.6666666666666666, "2_:4_receipt_00516_1": 1.0, "3_Total_receipt_00516_1": 0.6, "4_item_receipt_00516_1": 0.5, "5_TOTAL_receipt_00516_1": 1.0, "6_:4_receipt_00516_1": 1.0, "7_14,190_receipt_00516_1": 1.0, "8_PB1_receipt_00516_1": 1.0, "9_Service_receipt_00516_1": 0.5714285714285714, "10_9,900_receipt_00516_1": 0.4, "11_132,000_receipt_00516_1": 0.0, "12_SUBTOTAL_receipt_00516_1": 0.5, "13_1_receipt_00516_1": 1.0, "14_Ocha_receipt_00516_1": 0.25, "15_15,000_receipt_00516_1": 0.16666666666666666, "16_Hot_receipt_00516_1": 0.6666666666666666, "17_1_receipt_00516_1": 1.0, "18_Ocha_receipt_00516_1": 0.75, "19_15,000_receipt_00516_1": 0.5, "20_Cold_receipt_00516_1": 0.75, "21_1_receipt_00516_1": 1.0, "22_JapaneseBeef_receipt_00516_1": 0.25, "23_43,000_receipt_00516_1": 0.0, "24_Hamburg_receipt_00516_1": 0.0, "25_1_receipt_00516_1": 1.0, "26_59,000_receipt_00516_1": 0.16666666666666666, "0_03-4148_X51005337867_0": 0.0, "1_1876_X51005337867_0": 0.0, "2_Tel:_X51005337867_0": 0.0, "3_Rampai_X51005337867_0": 0.16666666666666666, "4_Sri_X51005337867_0": 0.0, "5_(716269-X)_X51005337867_0": 0.0, "6_Old_X51005337867_0": 0.0, "7_Kopitiam_X51005337867_0": 0.0, "8_Sdn_X51005337867_0": 0.0, "9_Bhd_X51005337867_0": 0.3333333333333333, "10_Town_X51005337867_0": 0.0, "11_COFFEE_X51005337867_0": 0.0, "12_WHITE_X51005337867_0": 0.0, "0_BIENTOT_260_1": 0.0, "1_A_260_1": 0.0, "2_MERCI_260_1": 0.0, "3_DE_260_1": 0.0, "4_VOTRE_260_1": 0.0, "5_VISITE_260_1": 0.0, "6_003_260_1": 0.6666666666666666, "7_000059_260_1": 0.0, "8_06/07/2017_260_1": 0.1, "9_12:13:13_260_1": 0.0, "10_CB_260_1": 0.0, "11_EMV_260_1": 1.0, "12_SANS_260_1": 0.0, "13_CONTACT_260_1": 0.0, "14_EUR_260_1": 0.0, "15_5.50\u20ac_260_1": 0.4, "16_1ATICLE(S)_260_1": 0.4, "17_TOTAL_260_1": 0.8, "18_A_260_1": 0.0, "19_PRYER_260_1": 0.0, "20_5.50_260_1": 0.0, "21_BOL_260_1": 1.0, "22_FALAFEL_260_1": 0.0, "23_BUDOH_260_1": 0.6, "24_5.50\u20ac_260_1": 0.2, "0_(P)_receipt_00476_0": 0.3333333333333333, "1_dragon_receipt_00476_0": 0.0, "2_Red_receipt_00476_0": 0.0, "3_1_receipt_00476_0": 1.0, "4_37,500.00_receipt_00476_0": 0.0, "5_(P)_receipt_00476_0": 0.3333333333333333, "6_Panther_receipt_00476_0": 0.0, "7_Pink_receipt_00476_0": 0.0, "8_1_receipt_00476_0": 0.0, "9_500.00_receipt_00476_0": 0.0, "10_BAG_receipt_00476_0": 0.0, "11_PLASTIC_receipt_00476_0": 0.14285714285714285, "12_1_receipt_00476_0": 0.0, "0_4_764_2": 0.0, "1_86_764_2": 0.5, "2_037_764_2": 0.0, "3_100_764_2": 0.0, "4_02353_764_2": 1.0, "0_ _receipt_00673_0": 4.0, "0_1001-Choco_receipt_00024_0": 0.3, "1_Bun_receipt_00024_0": 0.3333333333333333, "0_ESPECES_240_1": 0.0, "1_20.25\u20ac_240_1": 0.3333333333333333, "2_EUR_240_1": 0.0, "3_8_240_1": 0.0, "4_ARTICLE(S)_240_1": 0.0, "5_TOTAL_240_1": 0.2, "6_PAYER_240_1": 0.0, "7_5.25\u20ac_240_1": 0.4, "8_A_240_1": 1.0, "9_TOTAL_240_1": 0.0, "10_ALIMENTAIRE_240_1": 0.2727272727272727, "11_5.25\u20ac_240_1": 0.4, "12_*SALADE_240_1": 0.0, "13_IRRESISTIB._240_1": 0.09090909090909091, "14_0.46\u20ac_240_1": 0.4, "15_*FR.FRAIS_240_1": 0.0, "16_CRF_240_1": 0.0, "17_0&MG_240_1": 0.5, "18_0.51\u20ac_240_1": 0.4, "19_*EMMENTAL_240_1": 0.2222222222222222, "20_FRANCAIS_240_1": 0.0, "21_0.42\u20ac_240_1": 0.4, "22_0.22\u20ac_240_1": 0.6, "23_0.92\u20ac_240_1": 0.4, "24_*CHAMPIGON_240_1": 0.1, "25_EMINCE_240_1": 0.0, "26_*AMANDE_240_1": 0.14285714285714285, "27_EHONDE_240_1": 0.0, "28_300G_240_1": 0.25, "29_0.90\u20ac_240_1": 0.4, "30_*400G_240_1": 0.4, "31_NUGGET_240_1": 1.0, "32_DDE_240_1": 0.0, "33_HA_240_1": 0.5, "34_0.91\u20ac_240_1": 0.4, "35_150G_240_1": 0.25, "36_BISC_240_1": 0.0, "37_TAB_240_1": 0.3333333333333333, "38_CHOC_240_1": 0.0, "39_0.91\u20ac_240_1": 0.4, "0_Change_receipt_00258_1": 0.0, "1_Pay Cash_receipt_00258_1": 0.0, "2_41,000_receipt_00258_1": 0.0, "3_0_receipt_00258_1": 0.0, "4_Total_receipt_00258_1": 0.2, "5_41,000_receipt_00258_1": 0.0, "6_ITEMS:_receipt_00258_1": 0.16666666666666666, "7_1_receipt_00258_1": 0.0, "8_41,000_receipt_00258_1": 0.0, "9_1_receipt_00258_1": 0.0, "10_- Tidak_receipt_00258_1": 0.0, "11_Pedas_receipt_00258_1": 0.0, "12_0_receipt_00258_1": 0.0, "13_1_receipt_00258_1": 0.0, "14_BBQ_receipt_00258_1": 0.0, "15_Chicken_receipt_00258_1": 0.0, "16_41,000_receipt_00258_1": 0.0, "0_A_402_1": 0.0, "1_BIENTOT_402_1": 0.0, "2_MERCI_402_1": 0.0, "3_DE_402_1": 0.0, "4_VOTRE_402_1": 0.0, "5_VISITE_402_1": 0.0, "6_0006_402_1": 0.25, "7_004_402_1": 0.3333333333333333, "8_000079_402_1": 0.3333333333333333, "9_08/10/2015_402_1": 0.0, "10_09:13:10_402_1": 0.0, "11_CARTE_402_1": 0.0, "12_BANCAIRE_402_1": 0.0, "13_EMV_402_1": 0.3333333333333333, "14_EUR_402_1": 0.0, "15_1.71\u20ac_402_1": 0.4, "16_ARTICLE(S)_402_1": 0.0, "17_TOTAL_402_1": 0.2, "18_A_402_1": 0.0, "19_PAYER_402_1": 0.0, "20_1.71\u20ac_402_1": 0.0, "21_EAU_402_1": 0.0, "22_SCE_402_1": 0.0, "23_HONTAG.CRF_402_1": 0.2, "24_2x_402_1": 1.0, "25_0.31_402_1": 0.25, "26_0.62\u20ac_402_1": 0.4, "27_100G_402_1": 0.25, "28_CHOCOLA.NOIR_402_1": 0.16666666666666666, "29_1.09\u20ac_402_1": 0.6, "30_DESCRIPTION_402_1": 0.0, "31_QTE_402_1": 1.0, "32_MONTANT_402_1": 0.42857142857142855, "0_MERCI_279_1": 0.0, "1_VOTRE_279_1": 0.0, "2_VISITE_279_1": 0.0, "3_DE_279_1": 0.0, "4_0009_279_1": 0.0, "5_004_279_1": 0.0, "6_000078_279_1": 0.0, "7_12/07/2017_279_1": 0.1, "8_11:29:55_279_1": 0.0, "9_BANCAIRE_279_1": 0.0, "10_CARTE_279_1": 0.0, "11_8.34\u20ac_279_1": 0.4, "12_EMV_279_1": 0.3333333333333333, "13_EUR_279_1": 0.0, "14_ARTICLE_279_1": 0.0, "15_(S)_279_1": 0.6666666666666666, "16_TOTAL_279_1": 0.0, "17_A_279_1": 2.0, "18_PAYER_279_1": 0.0, "19_8.34\u20ac_279_1": 0.6, "20_2.50\u20ac_279_1": 0.4, "21_*PT_279_1": 0.0, "22_BEURRE_279_1": 0.0, "23_CHOC.CRF_279_1": 0.0, "24_1.36\u20ac_279_1": 0.4, "25_*N.VITIES_279_1": 0.2222222222222222, "26_CHOC_279_1": 0.0, "27_LAIT_279_1": 0.25, "28_1.71\u20ac_279_1": 0.4, "29_QUINOA_279_1": 0.0, "30_*180G_279_1": 0.2, "31_BOULG_279_1": 0.0, "32_2.77\u20ac_279_1": 0.4, "0_2_receipt_00120_0": 0.0, "1_TWIST_receipt_00120_0": 0.6, "2_18,000_receipt_00120_0": 0.0, "3_DONUT_receipt_00120_0": 0.4, "4_1_receipt_00120_0": 2.0, "5_SAM_receipt_00120_0": 0.3333333333333333, "6_DA_receipt_00120_0": 0.5, "7_S00_receipt_00120_0": 1.3333333333333333, "8_MINERAL_receipt_00120_0": 0.2857142857142857, "9_16,000_receipt_00120_0": 0.0, "10_WATER_receipt_00120_0": 0.0, "0_A_49_2": 0.0, "1_BIENTOT_49_2": 0.0, "2_MERCI_49_2": 0.0, "3_VOTRE_49_2": 0.0, "4_VISITE_49_2": 0.0, "5_DE_49_2": 0.0, "6_30/01/2017_49_2": 0.0, "7_06_49_2": 0.5, "8_003_49_2": 0.0, "9_000350_49_2": 0.0, "10_18:47:19_49_2": 0.0, "11_11.15\u20ac_49_2": 1.0, "12_BANCAIRE_49_2": 0.0, "13_EMV_49_2": 0.0, "14_EUR_49_2": 0.0, "15_CARTE_49_2": 0.0, "0_9,001_receipt_00607_1": 0.2, "1_Change_receipt_00607_1": 0.16666666666666666, "2_50,000_receipt_00607_1": 0.16666666666666666, "3_Cash_receipt_00607_1": 0.25, "4_100,000_receipt_00607_1": 0.0, "5_VOUCHER_receipt_00607_1": 0.0, "6_BOGA_receipt_00607_1": 1.0, "7_100_receipt_00607_1": 1.0, "8_140,999_receipt_00607_1": 0.0, "9_Total_receipt_00607_1": 0.4, "10_12,818_receipt_00607_1": 0.16666666666666666, "11_Tax 10.00%_receipt_00607_1": 0.3, "12_128,181_receipt_00607_1": 0.0, "13_ITEMS: 2_receipt_00607_1": 0.125, "14_5,454_receipt_00607_1": 0.2, "15_1_receipt_00607_1": 1.0, "16_- Cheese_receipt_00607_1": 0.125, "17_0_receipt_00607_1": 2.0, "18_1_receipt_00607_1": 2.0, "19_Milo_receipt_00607_1": 0.25, "20_122,727_receipt_00607_1": 0.0, "21_1_receipt_00607_1": 1.0, "22_Pepper_receipt_00607_1": 0.16666666666666666, "23_Steak_receipt_00607_1": 0.0, "0_ _receipt_00682_0": 4.0, "0_A_308_1": 0.0, "1_BIENTOT_308_1": 0.0, "2_MERCI_308_1": 0.0, "3_DE_308_1": 0.0, "4_VOTRE_308_1": 0.0, "5_VISITE_308_1": 0.0, "6_0003_308_1": 0.0, "7_002_308_1": 0.0, "8_000227_308_1": 0.0, "9_27/06/2017_308_1": 0.2, "10_12:08:27_308_1": 0.125, "11_CARTE_308_1": 0.0, "12_BANCAIRE_308_1": 0.0, "13_EMV_308_1": 0.0, "14_EUR_308_1": 0.0, "15_6.85\u20ac_308_1": 0.4, "16_ARTICLE_308_1": 0.0, "17_(S)_308_1": 0.6666666666666666, "18_2_308_1": 0.0, "19_TOTAL_308_1": 0.0, "20_A_308_1": 0.0, "21_PAYER_308_1": 0.0, "22_6.85\u20ac_308_1": 0.4, "23_AMANDE_308_1": 0.16666666666666666, "24_MAGNUM_308_1": 0.16666666666666666, "25_*X4_308_1": 1.0, "26_3.11\u20ac_308_1": 0.4, "27_*320G_308_1": 0.2, "28_SLDE_308_1": 0.25, "29_ROMA_308_1": 0.0, "30_JBN_308_1": 0.0, "31_3.74\u20ac_308_1": 0.4, "32_DESCRIPTION_308_1": 0.0, "33_QTE_308_1": 1.0, "34_MONTANT_308_1": 0.14285714285714285, "0_JONGKONG_receipt_00502_0": 0.125, "1_15,500_receipt_00502_0": 0.0, "2_VANBOOLEN_receipt_00502_0": 0.1111111111111111, "3_9,000_receipt_00502_0": 0.0, "0_ _receipt_00046_0": 3.0, "0_ _receipt_00766_0": 6.0, "0_Tel_258_0": 0.0, "1_17000_258_0": 0.0, "2_ROCHELLE_258_0": 0.0, "3_LA_258_0": 0.0, "4_3/5_258_0": 0.0, "5_RUE_258_0": 0.0, "6_DE_258_0": 0.0, "7_CORDOUAN_258_0": 0.0, "8_ROCHELLE/CRD_258_0": 0.0, "9_CRF-CITY_258_0": 0.0, "10_LA_258_0": 0.0, "0_MERCI_292_1": 0.0, "1_DE_292_1": 0.0, "2_VOTRE_292_1": 0.0, "3_VISITE_292_1": 0.0, "4_0001_292_1": 0.0, "5_004_292_1": 0.0, "6_000058_292_1": 0.0, "7_07/07/2017_292_1": 0.0, "8_11:51:30_292_1": 0.0, "9_CARTE_292_1": 0.0, "10_BANCAIRE_292_1": 0.0, "11_EMV_292_1": 0.0, "12_EUR_292_1": 0.0, "13_6.76\u20ac_292_1": 0.4, "14_(S)_292_1": 0.3333333333333333, "15_3_292_1": 0.0, "16_ARTICLE_292_1": 0.0, "17_TOTAL_292_1": 0.8, "18_A_292_1": 1.0, "19_PAYER_292_1": 0.2, "20_6.76\u20ac_292_1": 0.4, "21_3.90\u20ac/kg_292_1": 0.125, "22_0.185kg_292_1": 0.0, "23_x_292_1": 0.0, "24_*PECHE_292_1": 0.0, "25_A_292_1": 1.0, "26_CHAIR_292_1": 0.2, "27_JAUNE_292_1": 0.2, "28_0.72\u20ac_292_1": 0.4, "29_*FOZZA_292_1": 0.16666666666666666, "30_POULET_292_1": 0.0, "31_CHEVR_292_1": 0.2, "32_2.30\u20ac_292_1": 0.4, "33_*320G_292_1": 0.4, "34_SLDE_292_1": 0.0, "35_3.74\u20ac_292_1": 0.4, "36_ROMA_292_1": 0.0, "37_JBN_292_1": 0.3333333333333333, "0_CASH_receipt_00665_0": 0.0, "1_770,000_receipt_00665_0": 0.0, "2_TL_receipt_00665_0": 1.5, "3_770,000_receipt_00665_0": 0.0, "4_HONEY_receipt_00665_0": 0.0, "5_MANUKA_receipt_00665_0": 0.0, "6_385,000_receipt_00665_0": 0.14285714285714285, "7_2X_receipt_00665_0": 0.0, "0_Ice_receipt_00793_0": 0.0, "1_tea_receipt_00793_0": 0.3333333333333333, "2_1x_receipt_00793_0": 0.0, "3_20.000_receipt_00793_0": 0.0, "0_COLD_receipt_00366_0": 1.0, "1_OCHA_receipt_00366_0": 0.75, "2_1_receipt_00366_0": 1.0, "3_10,909_receipt_00366_0": 0.0, "4_KAKIAGE_receipt_00366_0": 0.0, "5_TEMPURA_receipt_00366_0": 0.0, "6_10,000_receipt_00366_0": 0.0, "7_1_receipt_00366_0": 1.0, "8_CHICKEN_receipt_00366_0": 0.0, "9_KATSU_receipt_00366_0": 0.0, "10_CURRY_receipt_00366_0": 0.2, "11_UDON_receipt_00366_0": 0.0, "12_46,364_receipt_00366_0": 0.0, "13_1_receipt_00366_0": 1.0, "0_ _receipt_00443_0": 2.0, "0_1,91_794_3": 0.5, "1_36,56_794_3": 0.2, "2_A_794_3": 0.0, "3_5,50%_794_3": 0.2, "4_34,65_794_3": 0.2, "5_MT._794_3": 0.0, "6_MT._794_3": 0.0, "7_MT._794_3": 0.3333333333333333, "8_CODE_794_3": 0.0, "9_HT_794_3": 0.0, "10_TVA_794_3": 0.0, "11_TVA_794_3": 0.0, "12_0,00_794_3": 0.25, "13_EUR_794_3": 0.0, "14_ESPECES_794_3": 0.0, "15_0,00_794_3": 0.25, "16_A_794_3": 1.0, "17_EUR_794_3": 0.0, "18_RENDRE_794_3": 0.0, "19_14,89_794_3": 0.4, "20_EUR_794_3": 0.0, "21_ELIGIBLE_794_3": 0.25, "22_TRD_794_3": 0.0, "23_TOTAL_794_3": 0.0, "24_vendus=_794_3": 0.0, "25_22_794_3": 0.0, "26_Nombre_794_3": 0.0, "27_d'articles_794_3": 1.0, "28_MV_794_3": 0.5, "29_49,55_794_3": 0.4, "30_EUR_794_3": 0.0, "31_9.75_794_3": 1.0, "32_REMISE_794_3": 0.0, "33_FIDELITE_794_3": 0.0, "34_EUR_794_3": 0.0, "35_59,_794_3": 1.0, "36_30_794_3": 2.0, "37_EUR_794_3": 0.0, "38_MONTANT_794_3": 0.0, "39_DU_794_3": 1.5, "0_Change_receipt_00638_1": 0.0, "1_20,000_receipt_00638_1": 0.0, "2_50,000_receipt_00638_1": 0.16666666666666666, "3_CASH_receipt_00638_1": 0.0, "4_TOTAL_receipt_00638_1": 0.8, "5_30,000_receipt_00638_1": 0.16666666666666666, "6_TAX_receipt_00638_1": 1.0, "7_2,727_receipt_00638_1": 1.0, "8_SUBTOTAL_receipt_00638_1": 0.375, "9_27,272_receipt_00638_1": 1.0, "10_1_receipt_00638_1": 2.0, "11_NS_receipt_00638_1": 1.0, "12_GR_receipt_00638_1": 1.5, "13_TELOR_receipt_00638_1": 1.0, "14_KEBULI_receipt_00638_1": 0.6666666666666666, "15_27,272_receipt_00638_1": 1.0, "0_24.09.14_203_2": 0.0, "1_19:57_203_2": 0.0, "2_0045117_203_2": 0.0, "3_4170_203_2": 0.25, "4_0108_203_2": 0.0, "5_Vignette(s)_203_2": 0.18181818181818182, "6_par_203_2": 0.0, "7_operation_203_2": 0.0, "8_3.0_203_2": 0.3333333333333333, "9_vous_203_2": 0.0, "10_Bravo_203_2": 0.0, "11_avez_203_2": 0.0, "12_cumule_203_2": 0.16666666666666666, "0_BIENTOT_66_3": 0.0, "1_MERCI_66_3": 0.0, "2_DE_66_3": 0.0, "3_VOTRE_66_3": 0.0, "4_VISITE_66_3": 0.0, "0_ALINENTAIRE_226_2": 0.09090909090909091, "1_54.13\u20ac_226_2": 0.3333333333333333, "2_TOTAL_226_2": 0.0, "3_2.98\u20ac_226_2": 0.4, "4_CHOCO_226_2": 0.6, "5_NOISET_226_2": 0.0, "6_XTREM_226_2": 1.0, "7_SCE_226_2": 0.0, "8_1.67\u20ac_226_2": 0.4, "9_TOMATE_226_2": 0.16666666666666666, "10_BIO_226_2": 0.0, "11_1.45\u20ac_226_2": 0.4, "12_SAUCE_226_2": 0.0, "13_TOMATE_226_2": 0.0, "14_OLIVE_226_2": 0.0, "15_1.43\u20ac_226_2": 0.4, "16_VOLAI._226_2": 0.16666666666666666, "17_PJEAN_226_2": 0.4, "18_QUENEL_226_2": 0.0, "19_POIREAU_226_2": 0.0, "20_0.54\u20ac_226_2": 0.4, "21_VRAC_226_2": 0.5, "22_1.39\u20ac_226_2": 0.4, "23_POIRE_226_2": 0.0, "24_COMICE_226_2": 0.0, "25_VRAC_226_2": 0.5, "26_1.11\u20ac_226_2": 0.4, "27_DOUX_226_2": 0.25, "28_25_226_2": 0.5, "29_PLANTA_226_2": 0.16666666666666666, "30_FIN_226_2": 0.0, "31_3.09\u20ac_226_2": 0.4, "32_OEUFS_226_2": 0.0, "33_BIO_226_2": 0.0, "34_LOUE_226_2": 0.75, "35_0.45\u20ac_226_2": 0.4, "36_MOUTARDE_226_2": 0.375, "37_AMORA_226_2": 0.0, "38_2.28\u20ac_226_2": 0.4, "39_KIRI_226_2": 1.0, "40_CREME_226_2": 1.0, "41_X_226_2": 0.0, "42_12_226_2": 1.0, "43_2.51\u20ac_226_2": 0.4, "44_CRF_226_2": 0.3333333333333333, "45_6TR._226_2": 0.25, "46_JBN_226_2": 0.3333333333333333, "47_PARIS_226_2": 0.2, "48_1.80\u20ac_226_2": 0.4, "49_12MN_226_2": 0.75, "50_C_226_2": 1.0, "51_ET_226_2": 0.5, "52_500G_226_2": 0.25, "53_RIZ_226_2": 0.6666666666666666, "54_2x_226_2": 1.0, "55_1.42_226_2": 0.25, "56_2.84\u20ac_226_2": 0.6, "57_EMMENTAL_226_2": 0.0, "58_RAPE_226_2": 0.0, "59_CRF_226_2": 0.0, "0_2.04\u20ac_724_0": 0.4, "1_SAUCE_724_0": 0.0, "2_PISTOJ_724_0": 0.16666666666666666, "3_190G_724_0": 0.5, "4_AU_724_0": 1.0, "5_H_724_0": 0.0, "6_1.74\u20ac_724_0": 0.4, "7_PESTO_724_0": 0.0, "8_ROUGE_724_0": 0.0, "9_19_724_0": 1.0, "10_SAUCE_724_0": 0.0, "11_12.35\u20ac_724_0": 0.3333333333333333, "12_RIZ_724_0": 0.0, "13_LONG_724_0": 0.0, "14_UNCLE_724_0": 0.0, "15_BENS_724_0": 0.0, "16_EPICERIE_724_0": 0.375, "17_Peguy_724_0": 0.0, "18_Avenue_724_0": 0.16666666666666666, "19_Charles_724_0": 0.0, "20_DANS_724_0": 0.0, "21_VOTRE_724_0": 0.0, "22_MAGASIN_724_0": 0.14285714285714285, "23_BIENVENUE_724_0": 0.0, "24_JEAN_724_0": 0.0, "25_DE_724_0": 0.0, "26_BRAYE_724_0": 0.0, "27_SIMPLY_724_0": 0.0, "28_ST_724_0": 0.5, "0_CARTE_414_1": 0.0, "1_BANCAIRE_414_1": 0.0, "2_EMV_414_1": 0.0, "3_EUR_414_1": 0.0, "4_12.77\u20ac_414_1": 0.3333333333333333, "5_ARTICLE(S)_414_1": 0.0, "6_12.77\u20ac_414_1": 0.16666666666666666, "7_TOTAL_414_1": 0.0, "8_A_414_1": 0.0, "9_PAYER_414_1": 0.0, "10_ORANGE_414_1": 0.0, "11_2.116_414_1": 0.4, "12_*TROPICANA_414_1": 0.0, "13_1.91\u20ac_414_1": 0.4, "14_U.B_414_1": 1.3333333333333333, "15_*RIZ_414_1": 0.5, "16_LONG_414_1": 0.75, "17_GRAIN_414_1": 0.4, "18_RDF_414_1": 0.0, "19_2.15\u20ac_414_1": 0.4, "20_*OEUFS_414_1": 0.16666666666666666, "21_BIO_414_1": 0.0, "22_X6_414_1": 0.0, "23_1.13\u20ac_414_1": 0.4, "24_*LIQUIDE_414_1": 0.375, "25_CITRON_414_1": 0.0, "26_VSL_414_1": 1.0, "27_0.20\u20ac_414_1": 0.4, "28_*CRISTALINE_414_1": 0.0, "29_1.5L_414_1": 0.25, "30_2.08\u20ac_414_1": 0.4, "31_YOPA_414_1": 0.5, "32_*4X100G_414_1": 0.2857142857142857, "33_FR_414_1": 0.0, "34_2.26\u20ac_414_1": 0.6, "35_INDI_414_1": 0.25, "36_*240G_414_1": 0.4, "37_BROUNIES_414_1": 0.125, "38_0.93\u20ac_414_1": 0.4, "39_1/2EC_414_1": 0.2, "40_*1L_414_1": 0.6666666666666666, "41_LT_414_1": 1.0, "42_LACTEL_414_1": 0.0, "0_BIENTOT_319_1": 0.0, "1_MERCI_319_1": 0.0, "2_DE_319_1": 0.0, "3_VOTRE_319_1": 0.0, "4_VISITE_319_1": 0.0, "5_000179_319_1": 0.3333333333333333, "6_26/04/2017_319_1": 0.0, "7_003_319_1": 0.0, "8_12:30:36_319_1": 0.0, "9_CB_319_1": 0.5, "10_ENV_319_1": 0.3333333333333333, "11_SANS_319_1": 0.0, "12_CONTACT_319_1": 0.0, "13_EUR_319_1": 0.0, "14_6.68\u20ac_319_1": 0.4, "15_ARTICLE(S)_319_1": 0.2, "16_3_319_1": 0.0, "17_TOTAL_319_1": 0.0, "18_A_319_1": 0.0, "19_PAYER_319_1": 0.0, "20_6.68\u20ac_319_1": 0.4, "21_*URAP_319_1": 0.4, "22_ACON_319_1": 0.5, "23_UFS_319_1": 0.0, "24_TO_319_1": 1.0, "25_2.66\u20ac_319_1": 0.6, "26_*SALADI_319_1": 0.2857142857142857, "27_PLT_319_1": 0.0, "28_LIBANAI_319_1": 0.14285714285714285, "29_3.09_319_1": 0.25, "30_0.93\u20ac_319_1": 0.4, "31_OMMES_319_1": 0.6, "32_SS_319_1": 1.0, "33_CRF_319_1": 0.0, "34_NESS_319_1": 0.25, "0_Tel_54_0": 0.0, "1_17000_54_0": 0.0, "2_LA_54_0": 0.0, "3_ROCHELLE_54_0": 0.0, "4_RUE_54_0": 0.0, "5_33_54_0": 0.0, "6_DE_54_0": 0.0, "7_LA_54_0": 0.5, "8_SCIERIE_54_0": 0.0, "9_CRF-CITY_54_0": 0.0, "10_ROCHELLE_54_0": 0.0, "11_LA_54_0": 0.0, "0_ _receipt_00516_0": 2.0, "0_MULNAENGMYON_receipt_00362_0": 0.08333333333333333, "1_85,000_receipt_00362_0": 0.0, "2_1_receipt_00362_0": 1.0, "3_JJIGAE_receipt_00362_0": 0.3333333333333333, "4_85,000_receipt_00362_0": 0.0, "5_HAEMUL_receipt_00362_0": 0.0, "6_DENJANG_receipt_00362_0": 0.0, "7_1_receipt_00362_0": 0.0, "8_BO_receipt_00362_0": 0.5, "9_SSAM_receipt_00362_0": 0.0, "10_320,000_receipt_00362_0": 0.14285714285714285, "11_1_receipt_00362_0": 1.0, "12_GIBAB_receipt_00362_0": 0.2, "13_20,000_receipt_00362_0": 0.0, "14_GONG_receipt_00362_0": 0.0, "15_1_receipt_00362_0": 1.0, "0_43,000_receipt_00512_1": 0.3333333333333333, "1_CASH_receipt_00512_1": 1.0, "2_43,000_receipt_00512_1": 0.5, "3_TOTAL_receipt_00512_1": 0.2, "0_5.70_663_0": 0.0, "1_1_663_0": 0.0, "2_SLD_663_0": 0.0, "3_FETA_663_0": 0.25, "4_AOP_663_0": 0.3333333333333333, "5_ET_663_0": 0.5, "6_CRUDITSS_663_0": 0.125, "7_5.70_663_0": 0.0, "8_CAMILLE_663_0": 0.0, "9_H_663_0": 0.0, "10_RCS_663_0": 0.3333333333333333, "11_NANTERRE_663_0": 0.125, "12_52439593236_663_0": 0.18181818181818182, "13_TUA_663_0": 0.6666666666666666, "14_FR76524959236_663_0": 0.3076923076923077, "15_Tel_663_0": 0.0, "16_04_663_0": 1.0, "17_66_663_0": 1.0, "18_27_663_0": 0.5, "19_61_663_0": 1.0, "20_30_663_0": 1.0, "21_Sergent_663_0": 0.0, "22_Gare_663_0": 0.0, "23_Sncf_663_0": 0.5, "24_Boulevard_663_0": 0.0, "25_Triaire_663_0": 0.0, "26_30000_663_0": 0.0, "27_Nimes_663_0": 0.0, "28_ELIOR_663_0": 0.0, "29_CONCESSIONS_663_0": 0.0, "30_GARES_663_0": 0.2, "31_SAS_663_0": 0.0, "32_PAUL_663_0": 0.0, "0_T=00G_657_2": 1.0, "1_juin_657_2": 0.25, "2_12:55_657_2": 0.0, "3_ner._657_2": 0.25, "4_14_657_2": 0.5, "5_2017_657_2": 0.0, "6_ticket_657_2": 0.0, "7_speciale_657_2": 0.125, "8_au_657_2": 0.0, "9_dos_657_2": 0.0, "10_de_657_2": 0.0, "11_ce_657_2": 0.5, "12_Offre_657_2": 0.2, "13_A_657_2": 0.0, "14_Burger_657_2": 0.0, "15_King_657_2": 0.0, "16_bientot_657_2": 0.0, "17_chez_657_2": 0.0, "18_Herci_657_2": 0.0, "19_votre_657_2": 0.0, "20_visite_657_2": 0.0, "21_de_657_2": 0.0, "0_2.11\u20ac_503_1": 0.4, "1_*POIVRON_503_1": 0.25, "2_ROUGE_503_1": 0.0, "3_4.33\u20ac_503_1": 0.4, "4_WILLIAH_503_1": 0.0, "5_VRT_503_1": 0.3333333333333333, "6_*POIRE_503_1": 0.16666666666666666, "7_1.70\u20ac_503_1": 0.4, "8_NOIX_503_1": 0.25, "9_*PAIN_503_1": 0.6, "10_AU_503_1": 0.5, "11_5.90\u20ac_503_1": 0.4, "12_ECLAT_503_1": 0.0, "13_NOIS_503_1": 0.5, "14_OEUF_503_1": 0.0, "15_LT_503_1": 1.0, "16_10.90\u20ac_503_1": 0.3333333333333333, "17_OEUF_503_1": 0.5, "18_GRANITES_503_1": 0.125, "19_3.17\u20ac_503_1": 0.4, "20_*MONTBELIARD_503_1": 0.08333333333333333, "21_X2_503_1": 0.5, "22_0.91\u20ac_503_1": 0.4, "23_*LENTILLES_503_1": 0.1, "24_CRF_503_1": 0.0, "25_1.39\u20ac_503_1": 0.4, "26_*COURGETTE_503_1": 0.0, "27_1.80\u20ac_503_1": 0.4, "28_0.45_503_1": 0.0, "29_4x_503_1": 0.5, "30_JNE_503_1": 0.3333333333333333, "31_PIECE_503_1": 0.0, "32_*CITRON_503_1": 0.14285714285714285, "33_1.95\u20ac_503_1": 0.4, "34_*BQ_503_1": 1.0, "35_GARIGUET.F_503_1": 0.1, "36_250G_503_1": 0.25, "37_2.50\u20ac_503_1": 0.4, "38_FRAMBOISE_503_1": 0.1111111111111111, "39_*BQ_503_1": 1.0, "40_125G_503_1": 0.25, "41_REMISE_503_1": 0.16666666666666666, "42_-3.96\u20ac_503_1": 0.3333333333333333, "43_9.90\u20ac_503_1": 0.4, "44_RG_503_1": 0.0, "45_CARDINAL_503_1": 0.0, "46_75_503_1": 1.0, "47_LLP_503_1": 1.0, "48_2.25\u20ac_503_1": 0.4, "49_XF_503_1": 0.5, "50_CRF_503_1": 0.0, "51_*72CL_503_1": 0.0, "52_HV_503_1": 0.5, "53_4.17\u20ac_503_1": 0.4, "54_FUMEE_503_1": 0.2, "55_150G_503_1": 0.25, "56_TRUITE_503_1": 0.0, "57_5.29\u20ac_503_1": 0.4, "58_TITI_503_1": 0.5, "59_100G_503_1": 0.25, "60_KS_503_1": 0.5, "0_COMMANDE_657_1": 0.125, "1_BORNE_657_1": 0.0, "2_>>>_657_1": 0.6666666666666666, "3_0.00_657_1": 0.0, "4_Credit_657_1": 0.0, "5_12.10_657_1": 0.0, "6_Kiosk_657_1": 0.0, "7_TTC_657_1": 0.6666666666666666, "8_12.10_657_1": 0.0, "9_12.10_657_1": 1.0, "10_1.10_657_1": 1.0, "11_10_657_1": 0.0, "12_%_657_1": 1.0, "13_TVA_657_1": 0.6666666666666666, "14_TTC_657_1": 0.6666666666666666, "15_HT_657_1": 0.5, "16_TUA_657_1": 0.3333333333333333, "17_SPRITE_657_1": 0.0, "18_*MOYEN_657_1": 0.5, "19_HIGRE_657_1": 0.2, "20_DOUCE_657_1": 0.2, "21_ONION_657_1": 0.2, "22_RINGS_657_1": 0.0, "23_WHOPPER_657_1": 0.14285714285714285, "24_BBQ_657_1": 0.3333333333333333, "25_*DOUBLE_657_1": 0.14285714285714285, "26_8.90_657_1": 1.0, "27_DOUBLE WHOPPER_657_1": 0.8571428571428571, "0_repris_469_2": 0.0, "1_echanges_469_2": 0.0, "2_ni_469_2": 0.5, "3_ni_469_2": 0.0, "4_A_469_2": 1.0, "5_BIENTOT_469_2": 0.0, "0_DESCRIPTION_142_0": 0.0, "1_QTE_142_0": 0.3333333333333333, "2_MONTANT_142_0": 0.2857142857142857, "3_:_142_0": 2.0, "4_Tel_142_0": 0.0, "5_17000_142_0": 0.0, "6_RUE_142_0": 0.0, "7_33_142_0": 0.0, "8_DE_142_0": 0.0, "9_LA_142_0": 0.0, "10_SCIERIE_142_0": 0.0, "11_CRF-CITY_142_0": 0.0, "12_LA_142_0": 0.5, "13_ROCHELLE_142_0": 0.0, "0_QTE_506_0": 1.0, "1_MONTANT_506_0": 0.14285714285714285, "2_DESCRIPTION_506_0": 0.0, "3_Aytre._506_0": 0.16666666666666666, "4_Gargot_506_0": 0.0, "5_Nicolas_506_0": 0.0, "6_17440_506_0": 0.0, "7_Rue_506_0": 0.0, "8_Dimanche_506_0": 0.0, "9_9h_506_0": 0.5, "10_a_506_0": 0.0, "11_12h30_506_0": 0.0, "12_20h00_506_0": 0.0, "13_Lundi_506_0": 0.0, "14_au_506_0": 0.0, "15_Samedi_506_0": 0.16666666666666666, "16_de_506_0": 0.0, "17_9h_506_0": 0.0, "18_a_506_0": 0.0, "19_:_506_0": 1.0, "20_Tel_506_0": 0.0, "21_0546457320_506_0": 0.0, "22_AYTRE_506_0": 0.0, "23_Carrefour_506_0": 0.0, "24_market_506_0": 0.0, "0_ _receipt_00593_0": 5.0, "0_km._785_0": 0.0, "1_.223_785_0": 0.25, "2_N/E_785_0": 0.0, "3_...ST_785_0": 0.6, "4_SELVE_785_0": 0.0, "5_Date..._785_0": 0.0, "6_N_785_0": 3.0, "7_RECU_785_0": 0.0, "8_47901_785_0": 0.2, "9_AGEN_785_0": 0.0, "10_Cedex_785_0": 0.0, "11_9_785_0": 1.0, "12_BP_785_0": 0.0, "13_40037_785_0": 0.0, "0_MONTANT_470_0": 0.2857142857142857, "1_DESCRIPTION_470_0": 0.0, "2_QTE_470_0": 1.0, "3_Gargot_470_0": 0.0, "4_Aytre._470_0": 0.3333333333333333, "5_Rue_470_0": 0.0, "6_Nicolas_470_0": 1.0, "7_17440_470_0": 0.0, "8_Dimanche_470_0": 0.125, "9_9h_470_0": 0.0, "10_a_470_0": 0.0, "11_12h30_470_0": 0.0, "12_Lundi_470_0": 0.0, "13_au_470_0": 0.0, "14_Samedi_470_0": 0.0, "15_de_470_0": 0.0, "16_20h00_470_0": 0.0, "17_9h_470_0": 0.5, "18_a_470_0": 0.0, "19_:_470_0": 1.0, "20_0546457320_470_0": 0.1, "21_Tel_470_0": 0.0, "22_Carrefour_470_0": 0.0, "23_market_470_0": 0.0, "24_AYTRE_470_0": 0.0, "0_Change :_receipt_00443_1": 0.375, "1_Pay_receipt_00443_1": 0.3333333333333333, "2_5,000_receipt_00443_1": 0.4, "3_50,000_receipt_00443_1": 0.0, "4_Cash_receipt_00443_1": 0.25, "5_Total_receipt_00443_1": 0.2, "6_45,000_receipt_00443_1": 0.16666666666666666, "7_45,000_receipt_00443_1": 0.5, "8_ITEMS:_receipt_00443_1": 0.16666666666666666, "9_1_receipt_00443_1": 1.0, "10_1_receipt_00443_1": 1.0, "11_Tidak_receipt_00443_1": 0.2, "12_Pedas_receipt_00443_1": 0.0, "13_0_receipt_00443_1": 2.0, "14_Egg_receipt_00443_1": 1.0, "15_45,000_receipt_00443_1": 0.0, "16_1_receipt_00443_1": 1.0, "17_Yalk_receipt_00443_1": 0.0, "18_Salted_receipt_00443_1": 0.16666666666666666, "19_Chicken_receipt_00443_1": 0.0, "0_2005-CHEESE_receipt_00566_0": 0.09090909090909091, "1_JOHN_receipt_00566_0": 1.0, "0_Again.*_X00016469671_1": 0.42857142857142855, "1_Please_X00016469671_1": 0.0, "2_****Thank_X00016469671_1": 0.4444444444444444, "3_You._X00016469671_1": 0.25, "4_Come_X00016469671_1": 0.0, "5_Refundable_X00016469671_1": 0.0, "6_Goods_X00016469671_1": 0.0, "7_Sold_X00016469671_1": 0.0, "8_Are_X00016469671_1": 0.0, "9_Not_X00016469671_1": 0.0, "10_Returnable_X00016469671_1": 0.0, "11_&_X00016469671_1": 0.0, "12_Approval_X00016469671_1": 0.0, "13_Code:123_X00016469671_1": 0.0, "14_XXXXXXXXXXXX4318_X00016469671_1": 0.875, "15_VISA_X00016469671_1": 0.0, "16_CARD_X00016469671_1": 0.0, "17_TOTAL:_X00016469671_1": 0.0, "18_170.00_X00016469671_1": 0.0, "19_Round_X00016469671_1": 0.2, "20_Amt:_X00016469671_1": 0.0, "21_0.00_X00016469671_1": 0.0, "22_170.00_X00016469671_1": 0.0, "23_Total_X00016469671_1": 0.2, "24_Amount:_X00016469671_1": 0.0, "25_Qty:_X00016469671_1": 0.75, "26_Item_X00016469671_1": 0.25, "27_Discount:_X00016469671_1": 0.0, "28_1_X00016469671_1": 0.0, "29_Total_X00016469671_1": 0.2, "30_0.00_X00016469671_1": 0.0, "31_SHOES_X00016469671_1": 0.0, "32_KWD_X00016469671_1": 0.3333333333333333, "33_805_X00016469671_1": 0.0, "34_KINGS_X00016469671_1": 0.0, "35_SAFETY_X00016469671_1": 0.0, "36_P004_X00016469671_1": 0.25, "37_170.00_X00016469671_1": 0.0, "38_000000111_X00016469671_1": 0.0, "39_170.00_X00016469671_1": 0.0, "40_Description_X00016469671_1": 0.18181818181818182, "41_Qty_X00016469671_1": 0.0, "42_Amount_X00016469671_1": 0.0, "43_Price_X00016469671_1": 0.0, "44_:_X00016469671_1": 1.0, "45_Sales_X00016469671_1": 0.0, "46_Persor_X00016469671_1": 0.16666666666666666, "47_FATIN_X00016469671_1": 0.0, "0_BIENTOT_321_1": 0.0, "1_MERCI_321_1": 0.0, "2_DE_321_1": 0.0, "3_VOTRE_321_1": 0.0, "4_VISITE_321_1": 0.0, "5_0004_321_1": 0.0, "6_004_321_1": 1.0, "7_000090_321_1": 0.3333333333333333, "8_02/03/2017_321_1": 0.1, "9_12:02:36_321_1": 0.0, "10_CB_321_1": 0.0, "11_EMV_321_1": 0.3333333333333333, "12_SANS_321_1": 0.0, "13_CONTACT_321_1": 0.0, "14_EUR_321_1": 0.0, "15_0.06\u20ac_321_1": 0.4, "16_ARTICLE_321_1": 0.0, "17_3_321_1": 0.0, "18_(S)_321_1": 0.3333333333333333, "19_TOTAL_321_1": 0.0, "20_A_321_1": 0.0, "21_PAYER_321_1": 0.0, "22_0.06\u20ac_321_1": 0.0, "23_*SALADE_321_1": 0.0, "24_SAUMON_321_1": 0.16666666666666666, "25_FUNE_321_1": 0.25, "26_3.09\u20ac_321_1": 0.4, "27_INNOCENT_321_1": 0.375, "28_HANG/PASS_321_1": 0.0, "29_*_321_1": 1.0, "30_2.20\u20ac_321_1": 0.4, "31_*1806_321_1": 0.4, "32_QUINOA_321_1": 0.0, "33_BOULG_321_1": 0.4, "34_2.77\u20ac_321_1": 0.4, "0_Change:_receipt_00416_1": 0.14285714285714285, "1_0_receipt_00416_1": 1.0, "2_133,000_receipt_00416_1": 0.0, "3_[133,000]_receipt_00416_1": 0.0, "4_~ CASH_receipt_00416_1": 0.3333333333333333, "5_TOTAL_receipt_00416_1": 0.0, "6_GRAND_receipt_00416_1": 0.0, "7_12,091_receipt_00416_1": 0.16666666666666666, "8_RESTAURANT_receipt_00416_1": 1.0, "9_TAX_receipt_00416_1": 0.0, "10_120,909_receipt_00416_1": 0.14285714285714285, "11_TOTAL_receipt_00416_1": 0.0, "12_SUB._receipt_00416_1": 1.25, "13_10,909_receipt_00416_1": 0.0, "14_1_receipt_00416_1": 2.0, "15_OCHA_receipt_00416_1": 0.0, "16_COLD_receipt_00416_1": 1.0, "17_10,000_receipt_00416_1": 0.0, "18_1_receipt_00416_1": 1.0, "19_KAKIAGE_receipt_00416_1": 0.0, "20_TEMPURA_receipt_00416_1": 0.0, "21_10,000_receipt_00416_1": 0.0, "22_1_receipt_00416_1": 2.0, "23_INARI_receipt_00416_1": 0.0, "24_40,909_receipt_00416_1": 0.0, "25_(SPICY)_receipt_00416_1": 0.0, "26_1_receipt_00416_1": 1.0, "27_ABURA_receipt_00416_1": 0.0, "28_UDON_receipt_00416_1": 0.0, "29_49,091_receipt_00416_1": 0.16666666666666666, "30_1_receipt_00416_1": 1.0, "31_UDON_receipt_00416_1": 0.25, "32_NIKU_receipt_00416_1": 0.5, "0_stocke_685_2": 0.0, "1_sur_685_2": 0.0, "2_:_685_2": 1.0, "3_en_685_2": 0.0, "4_carnet_685_2": 0.0, "5_un_685_2": 0.0, "6_+_685_2": 0.0, "7_depot_685_2": 0.0, "8_par_685_2": 0.0, "9_Preuve_685_2": 0.0, "10_de_685_2": 0.0, "11_courriel._685_2": 0.1111111111111111, "12_rapide_685_2": 0.0, "13_dediee,_685_2": 0.0, "14_en_685_2": 0.0, "15_boite_685_2": 0.0, "16_remplir_685_2": 0.0, "17_bordereau_685_2": 0.0, "18_Pas_685_2": 0.0, "19_de_685_2": 0.0, "20_a_685_2": 0.0, "21_!_685_2": 1.0, "0_13100000_receipt_00515_0": 0.25, "1_3.000x_receipt_00515_0": 0.5, "2_6600_receipt_00515_0": 1.0, "3_19,800_receipt_00515_0": 0.5, "4_MINERAL_receipt_00515_0": 0.2857142857142857, "5_WATER_receipt_00515_0": 0.0, "6_05130000_receipt_00515_0": 0.25, "7_3.000x_receipt_00515_0": 0.16666666666666666, "8_28600_receipt_00515_0": 1.0, "9_85,800_receipt_00515_0": 0.16666666666666666, "10_ZUPPA_receipt_00515_0": 0.4, "11_SOUP_receipt_00515_0": 0.25, "0_Balance:_634_0": 0.0, "1_Unite:_634_0": 0.16666666666666666, "2_2_634_0": 0.0, "3_i-_634_0": 0.5, "4_Ticket:_634_0": 0.0, "5_158_634_0": 0.3333333333333333, "0_2_receipt_00752_1": 2.0, "1_Pajak_receipt_00752_1": 0.0, "2_Rest_receipt_00752_1": 0.0, "3_10%_receipt_00752_1": 0.3333333333333333, "4_5.198_receipt_00752_1": 0.0, "5_Servi_receipt_00752_1": 0.0, "6_Charge_receipt_00752_1": 0.0, "7_57_receipt_00752_1": 0.0, "8_2.475_receipt_00752_1": 0.4, "9_Subtotal_receipt_00752_1": 0.0, "10_49.500_receipt_00752_1": 0.16666666666666666, "11_1_receipt_00752_1": 1.0, "12_AIR_receipt_00752_1": 0.0, "13_MINERAL_receipt_00752_1": 0.0, "14_10.000_receipt_00752_1": 0.0, "15_PECEL_receipt_00752_1": 0.6, "16_1_receipt_00752_1": 2.0, "17_MADIUN_receipt_00752_1": 0.6666666666666666, "18_39.500_receipt_00752_1": 0.16666666666666666, "0_13,000_receipt_00412_0": 0.0, "1_CHOCO_receipt_00412_0": 0.2, "2_CROSSIANT_receipt_00412_0": 0.2222222222222222, "3_1_receipt_00412_0": 0.0, "0_003_325_1": 0.0, "1_16/06/2017_325_1": 0.0, "2_000111_325_1": 0.16666666666666666, "3_12:01:03_325_1": 0.0, "4_CARTE_325_1": 0.0, "5_BANCAIRE_325_1": 0.0, "6_EUR_325_1": 0.0, "7_EMV_325_1": 0.3333333333333333, "8_6.74\u20ac_325_1": 0.4, "9_TOTAL_325_1": 0.0, "10_4_325_1": 1.0, "11_AITICLE(S)_325_1": 0.0, "12_A_325_1": 0.0, "13_PAYER_325_1": 0.0, "14_6.74\u20ac_325_1": 0.4, "15_*DESS.I_325_1": 0.14285714285714285, "16_OMMES_325_1": 0.2, "17_SS_325_1": 1.0, "18_CRF_325_1": 0.0, "19_0.93\u20ac_325_1": 0.4, "20_*BUBBLI_325_1": 0.2857142857142857, "21_S_325_1": 0.0, "22_LEMON&LIME_325_1": 0.4, "23_1.56\u20ac_325_1": 0.4, "24_*250G_325_1": 0.4, "25_ABOULE_325_1": 0.0, "26_FRUIT_325_1": 0.0, "27_3.04\u20ac_325_1": 0.6, "28_*180G_325_1": 0.4, "29_AROTTES_325_1": 0.0, "30_RAPE_325_1": 0.0, "31_I_325_1": 1.0, "32_1.216_325_1": 0.4, "33_DESCRIPTION_325_1": 0.18181818181818182, "34_QTE_325_1": 0.3333333333333333, "35_MONTANT_325_1": 0.2857142857142857, "0_CHANGE_receipt_00543_1": 1.0, "1_20,000_receipt_00543_1": 0.6666666666666666, "2_CASH_receipt_00543_1": 1.0, "3_51,000_receipt_00543_1": 1.0, "4_TOTAL_receipt_00543_1": 0.8, "5_ITEMS_receipt_00543_1": 1.0, "6_1_receipt_00543_1": 2.0, "7_TOTAL_receipt_00543_1": 1.0, "8_SALES_receipt_00543_1": 0.6, "9_31,000_receipt_00543_1": 0.8333333333333334, "10_SUB_receipt_00543_1": 1.0, "11_TOTAL_receipt_00543_1": 1.0, "12_31,000_receipt_00543_1": 0.8333333333333334, "13_ICE_receipt_00543_1": 0.6666666666666666, "14_LESS_receipt_00543_1": 1.0, "15_0_receipt_00543_1": 0.0, "16_CRYSTAL_receipt_00543_1": 0.7142857142857143, "17_COFFEE_receipt_00543_1": 0.6666666666666666, "18_JELLY_receipt_00543_1": 1.0, "19_(L)_receipt_00543_1": 1.0, "20_4,000_receipt_00543_1": 0.6, "21_M1_receipt_00543_1": 1.0, "22_HZ_receipt_00543_1": 1.0, "23_CHOCO_receipt_00543_1": 1.0, "24_(L)_receipt_00543_1": 1.0, "25_TOPPING_receipt_00543_1": 1.0, "26_x_receipt_00543_1": 2.0, "27_1_receipt_00543_1": 1.0, "28_27,000_receipt_00543_1": 0.8333333333333334, "0_DESCRIPTION_115_0": 0.0, "1_QTE_115_0": 1.0, "2_MONTANT_115_0": 0.2857142857142857, "3_:_115_0": 1.0, "4_Tel_115_0": 0.0, "5_17000_115_0": 0.0, "6_33_115_0": 0.0, "7_RUE_115_0": 0.0, "8_DE_115_0": 0.0, "9_LA_115_0": 0.0, "10_SCIERIE_115_0": 0.0, "11_CRF-CITY_115_0": 0.0, "12_LA_115_0": 0.5, "13_ROCHELLE_115_0": 0.0, "0_ _receipt_00041_0": 2.0, "0_ _receipt_00560_0": 2.0, "0_En_776_4": 0.0, "1_tout,_776_4": 0.0, "2_2016,_776_4": 0.2, "3_vous_776_4": 0.0, "4_avez_776_4": 0.0, "5_obtenu_776_4": 0.5, "6_en_776_4": 0.0, "7_Hodalites,_776_4": 0.2, "8_validite_776_4": 0.0, "9_a_776_4": 1.0, "10_l'accueil_776_4": 0.3333333333333333, "11_duree_776_4": 0.0, "12_de_776_4": 0.0, "13_E.LECLERC._776_4": 0.0, "14_votre_776_4": 0.4, "15_carte_776_4": 0.0, "16_sur_776_4": 0.0, "17_presentation_776_4": 0.0, "18_de_776_4": 0.0, "19_l'operation_776_4": 0.2727272727272727, "20_et_776_4": 0.5, "21_participant_776_4": 0.0, "22_nagasins_776_4": 0.125, "23_a_776_4": 1.0, "24_E.LECLERC_776_4": 0.0, "25_VoS_776_4": 0.6666666666666666, "26_prochains_776_4": 0.2222222222222222, "27_achats_776_4": 0.0, "28_dans_776_4": 0.0, "29_tous_776_4": 0.0, "30_les_776_4": 0.3333333333333333, "31_Ce_776_4": 0.5, "32_DISPONIBLE_776_4": 0.0, "33_CUMUL_776_4": 0.2, "34_est_776_4": 0.6666666666666666, "35_a_776_4": 1.0, "36_valoir_776_4": 0.16666666666666666, "37_sur_776_4": 0.0, "38_DISPONIBLE_776_4": 0.0, "39_CUMUL_776_4": 0.2, "40_AU_776_4": 0.0, "41_25/12/16:_776_4": 0.1111111111111111, "42_5.39_776_4": 0.0, "43_E_776_4": 0.0, "44_1.00_776_4": 0.0, "45_Vous_776_4": 0.0, "46_E_776_4": 0.0, "47_venez_776_4": 0.0, "48_d'obtenir_776_4": 0.0, "49_Marque_776_4": 0.3333333333333333, "50_repere_776_4": 0.16666666666666666, "51_1.00_776_4": 0.0, "52_E_776_4": 0.0, "53_des_776_4": 0.0, "54_obtenus:_776_4": 0.125, "55_avantages_776_4": 0.3333333333333333, "56_Detail_776_4": 0.0, "0_ _receipt_00323_0": 3.0, "0_Tolal_633_1": 0.8, "1_Teux_633_1": 0.5, "2_TVA_633_1": 0.3333333333333333, "3_Total_633_1": 0.0, "4_rendre_633_1": 0.16666666666666666, "5_espece._633_1": 0.14285714285714285, "6_En_633_1": 0.0, "7_11,5_633_1": 0.25, "8_#001_633_1": 0.25, "9_5,5/_633_1": 0.75, "10_0,685_633_1": 0.2, "11_kg_633_1": 0.5, "12_16,90_633_1": 0.2, "13_11,5_633_1": 1.0, "14_Thon_633_1": 0.0, "15_blanc_633_1": 0.0, "16_ligne_633_1": 0.2, "17_t10_633_1": 0.0, "18_Article_633_1": 0.0, "19_Qte_633_1": 1.0, "20_Prix_633_1": 0.0, "21_\u20ac_633_1": 0.0, "22_Total_633_1": 0.4, "0_DESCRIPTION_272_0": 0.0, "1_QTE_272_0": 1.0, "2_MONTANT_272_0": 0.0, "3_:_272_0": 2.0, "4_Tel_272_0": 0.0, "5_17000_272_0": 0.0, "6_LA_272_0": 0.0, "7_ROCHELLE_272_0": 0.0, "8_33_272_0": 0.0, "9_RUE_272_0": 0.0, "10_DE_272_0": 0.0, "11_LA_272_0": 0.0, "12_SCIERIE_272_0": 0.0, "13_CRF-CITY_272_0": 0.0, "14_LA_272_0": 0.0, "15_ROCHELLE_272_0": 0.0, "0_Cash_receipt_00192_1": 0.25, "1_56,000_receipt_00192_1": 0.0, "2_Dine_receipt_00192_1": 0.0, "3_In_receipt_00192_1": 1.0, "4_Total_receipt_00192_1": 0.0, "5_56,000_receipt_00192_1": 0.16666666666666666, "6_PB1_receipt_00192_1": 0.3333333333333333, "7_(10%)_receipt_00192_1": 0.6, "8_5,091_receipt_00192_1": 0.0, "9_Subtotal_receipt_00192_1": 0.0, "10_50,909_receipt_00192_1": 0.3333333333333333, "11_MINERAL_receipt_00192_1": 0.0, "12_WATER_receipt_00192_1": 0.0, "13_8,182_receipt_00192_1": 0.0, "14_Kupon_receipt_00192_1": 0.4, "15_7_receipt_00192_1": 1.0, "16_42,727_receipt_00192_1": 0.0, "0_QTE_300_0": 0.3333333333333333, "1_DESCRIPTION_300_0": 0.0, "2_MONTANT_300_0": 0.2857142857142857, "3_Tel_300_0": 0.0, "4_17000_300_0": 0.0, "5_LA_300_0": 0.0, "6_ROCHELLE_300_0": 0.0, "7_RUE_300_0": 0.0, "8_DE_300_0": 0.0, "9_LA_300_0": 0.5, "10_SCIERIE_300_0": 0.0, "11_33_300_0": 0.5, "12_ROCHELLE_300_0": 0.0, "13_CRF-CITY_300_0": 0.125, "14_LA_300_0": 0.5, "0_A_530_2": 0.0, "1_BIENTOT_530_2": 0.0, "2_DE_530_2": 0.0, "3_VISITE_530_2": 0.0, "4_MERCI_530_2": 0.0, "5_VOTRE_530_2": 0.0, "0_VOUS_570_2": 1.0, "1_REMERCIE_570_2": 0.0, "2_DE_570_2": 0.0, "3_VOTRE_570_2": 0.0, "4_VISITE_570_2": 0.0, "5_TOUTE_570_2": 0.0, "6_L'EQUIPE_570_2": 0.0, "7_DE_570_2": 0.0, "8_MARKET_570_2": 0.0, "9_0103_570_2": 0.0, "10_17/02/2017_570_2": 0.0, "11_001_570_2": 1.0, "12_000344_570_2": 0.0, "13_18:25:33_570_2": 0.0, "14_(*)_570_2": 0.3333333333333333, "15_Eligibles_570_2": 0.0, "16_Articles_570_2": 0.0, "17_aux_570_2": 0.0, "18_13.82\u20ac_570_2": 0.3333333333333333, "19_TR_570_2": 0.0, "20_:_570_2": 1.0, "21_Carte_570_2": 0.0, "0_A_135_2": 0.0, "1_BIENTOT_135_2": 0.0, "2_MERCI_135_2": 0.0, "3_DE_135_2": 0.0, "4_VOTRE_135_2": 0.0, "5_VISITE_135_2": 0.0, "6_0001_135_2": 0.25, "7_000125_135_2": 0.0, "8_004_135_2": 0.3333333333333333, "9_18/02/2016_135_2": 0.2, "10_16:12:55_135_2": 0.0, "0_Tel_359_0": 0.0, "1_17000_359_0": 0.0, "2_LA_359_0": 0.0, "3_ROCHELLE_359_0": 0.0, "4_SCIERIE_359_0": 0.0, "5_33_359_0": 0.0, "6_RUE_359_0": 0.0, "7_DE_359_0": 0.0, "8_LA_359_0": 0.0, "9_CRF-CITY_359_0": 0.0, "10_LA_359_0": 0.0, "11_ROCHELLE_359_0": 0.0, "0_ _receipt_00580_1": 2.0, "0_maillots_654_3": 0.0, "1_de_654_3": 0.0, "2_bains_654_3": 0.0, "3_une_654_3": 0.0, "4_Les_654_3": 0.3333333333333333, "5_avec_654_3": 0.0, "6_echanges_654_3": 0.125, "7_ni_654_3": 0.0, "8_rembourses._654_3": 0.0, "9_ouverts_654_3": 0.0, "10_ou_654_3": 0.0, "11_non-etanches_654_3": 0.0, "12_ne_654_3": 0.0, "13_sont_654_3": 0.0, "14_ni_654_3": 0.5, "15_cosmetiques_654_3": 0.09090909090909091, "16_et_654_3": 0.0, "17_les_654_3": 0.0, "18_boucle_654_3": 0.0, "19_ensemble_654_3": 0.125, "20_de_654_3": 0.0, "21_d'hygiene_654_3": 0.2222222222222222, "22_Pour_654_3": 0.0, "23_des_654_3": 0.0, "24_raisons_654_3": 0.0, "25_les_654_3": 0.0, "26_ticket_654_3": 0.0, "27_caisse._654_3": 0.0, "28_de_654_3": 0.0, "29_un_654_3": 0.0, "30_etat_654_3": 0.0, "31_vendable_654_3": 0.0, "32_et_654_3": 0.0, "33_avec_654_3": 0.0, "34_son_654_3": 0.0, "35_03/07/2017,_654_3": 0.0, "36_qu'il_654_3": 0.4, "37_soit_654_3": 0.0, "38_dans_654_3": 0.0, "39_jusqu'au_654_3": 0.25, "40_rembourser_654_3": 0.0, "41_tout_654_3": 0.0, "42_article_654_3": 0.0, "43_echanger_654_3": 0.0, "44_heureux_654_3": 0.0, "45_Nous_654_3": 0.0, "46_sommes_654_3": 0.0, "47_de_654_3": 0.0, "48_vous_654_3": 0.0, "49_d'echanges_654_3": 0.0, "50_et_654_3": 0.0, "51_Politique_654_3": 0.1111111111111111, "52_de_654_3": 0.0, "53_FR_654_3": 0.0, "54_96_654_3": 0.5, "55_790_654_3": 0.0, "56_858_654_3": 0.0, "57_294_654_3": 0.0, "0_BCA(EDC)_receipt_00062_1": 0.125, "1_VISA_receipt_00062_1": 0.0, "2_(..**-6468)_receipt_00062_1": 0.36363636363636365, "3_3.600.000_receipt_00062_1": 0.0, "4_60_receipt_00062_1": 0.0, "5_Total_receipt_00062_1": 0.0, "6_(Qty=_receipt_00062_1": 0.2, "7_3.600.000_receipt_00062_1": 0.0, "8_60_receipt_00062_1": 0.0, "9_60.000_receipt_00062_1": 0.0, "10_-TIKET_receipt_00062_1": 0.16666666666666666, "0_BIENTOT_366_2": 0.0, "1_A_366_2": 0.0, "2_VOTRE_366_2": 0.0, "3_VISITE_366_2": 0.0, "4_MERCI_366_2": 0.2, "5_DE_366_2": 0.0, "0_Cash_receipt_00569_1": 0.75, "1_34.000_receipt_00569_1": 0.5, "0_Kembalian_receipt_00757_1": 0.5555555555555556, "1_8,000_receipt_00757_1": 1.0, "2_Tunai_receipt_00757_1": 1.0, "3_100,000_receipt_00757_1": 0.42857142857142855, "4_Grand_receipt_00757_1": 1.0, "5_Total_receipt_00757_1": 1.0, "6_92,000_receipt_00757_1": 0.3333333333333333, "7_Total_receipt_00757_1": 0.2, "8_Produk_receipt_00757_1": 0.3333333333333333, "9_0_receipt_00757_1": 1.0, "10_Perawatan_receipt_00757_1": 0.1111111111111111, "11_Total_receipt_00757_1": 0.6, "12_92,000_receipt_00757_1": 0.5, "13_Pjg/Vr_receipt_00757_1": 1.0, "14_92,000_receipt_00757_1": 0.5, "15_B_receipt_00757_1": 1.0, "16_1.0_receipt_00757_1": 1.0, "17_3_receipt_00757_1": 1.0, "18_0_receipt_00757_1": 1.0, "19_1.0_receipt_00757_1": 1.0, "20_Cuci_receipt_00757_1": 1.0, "0_-_765_0": 1.0, "1_04_765_0": 0.0, "2_PUILBOREAU_765_0": 0.0, "3_tel_765_0": 0.0, "4_05_765_0": 0.5, "5_46_765_0": 0.5, "6_09_765_0": 0.0, "7_09_765_0": 0.5, "8_17138_765_0": 0.0, "9_-_765_0": 1.0, "10_Juin_765_0": 0.0, "11_Beaulieu_765_0": 0.0, "12_rue_765_0": 0.0, "13_du_765_0": 0.0, "14_18_765_0": 0.0, "15_25_765_0": 0.0, "16_ZAC_765_0": 0.3333333333333333, "0_un_601_1": 0.0, "1_GALETTES_601_1": 0.0, "2_MAIS_601_1": 0.0, "3_1_601_1": 1.0, "4_1.35_601_1": 0.5, "5_1.35_601_1": 0.75, "6_FLOCONS_601_1": 0.0, "7_un_601_1": 0.5, "8_AVOINE_601_1": 0.0, "9_14.15_601_1": 0.0, "10_14.15_601_1": 0.0, "11_kg_601_1": 0.5, "12_MELANGE_601_1": 0.0, "13_0.365_601_1": 0.4, "14_ETUDIAN_601_1": 0.14285714285714285, "15_15.85_601_1": 0.0, "16_5.79_601_1": 0.0, "17_VELOUTE_601_1": 0.0, "18_un_601_1": 0.5, "19_LEGUMES_601_1": 0.0, "20_1_601_1": 1.0, "21_2.70_601_1": 0.0, "22_2.70_601_1": 0.0, "23_QTE_601_1": 0.0, "24_PU_601_1": 0.0, "25_PP_601_1": 0.0, "26_\u20ac_601_1": 0.0, "27_\u20ac_601_1": 0.0, "28_Ticket_601_1": 0.0, "29_ENCAISSER_601_1": 0.0, "30_Serveur_601_1": 0.0, "31_JUSTINE_601_1": 0.0, "32_03/07/2017_601_1": 0.0, "33_Date_601_1": 0.0, "34_Ticket:_601_1": 0.0, "35_12:54:50_601_1": 0.0, "36_:_601_1": 2.0, "37_/_601_1": 0.0, "38_Ticket_601_1": 0.0, "39_23518145_601_1": 0.0, "40_0_601_1": 0.0, "0_A_121_2": 0.0, "1_BIENTOT_121_2": 0.0, "0_DESCRIPTION_394_0": 0.2727272727272727, "1_QTE_394_0": 1.3333333333333333, "2_MONTANT_394_0": 0.2857142857142857, "3_:_394_0": 1.0, "4_Tel_394_0": 0.0, "5_17000_394_0": 0.2, "6_LA_394_0": 0.5, "7_ROCHELLE_394_0": 0.0, "8_33_394_0": 0.5, "9_DE_394_0": 0.0, "10_RUE_394_0": 0.0, "11_LA_394_0": 0.5, "12_SCIERIE_394_0": 0.0, "13_CRF-CITY_394_0": 0.125, "14_LA_394_0": 0.5, "15_ROCHELLE_394_0": 0.0, "0_24,77_716_1": 0.4, "1_Net_716_1": 0.0, "2_TTC:_716_1": 1.0, "3_1,29_716_1": 0.25, "4_Tota!_716_1": 0.0, "5_TVA:_716_1": 0.0, "6_23,48_716_1": 0.2, "7_Total_716_1": 0.0, "8_HT:_716_1": 0.0, "9_20,20_716_1": 0.0, "10_Qte:_716_1": 0.25, "11_EUR_716_1": 0.0, "12_20,20_716_1": 0.0, "13_POISSONNERIE_716_1": 0.0, "14_PESEE_716_1": 0.0, "15_EUR_716_1": 0.3333333333333333, "16_0,020kg_716_1": 0.0, "17_Tare:_716_1": 0.0, "18_9,90EUR/kgx_716_1": 0.0, "19_0,462kg_716_1": 0.0, "20_4,57_716_1": 0.25, "21_OLIVE_716_1": 0.0, "22_VERTES_716_1": 0.0, "23_DENOY._716_1": 0.16666666666666666, "24_VRAC_716_1": 0.0, "25_EUR_716_1": 0.0, "26_jour_716_1": 0.25, "27_caisse_716_1": 0.0, "28_Clients_716_1": 0.0, "29_Bon_716_1": 0.0, "30_Tel:_716_1": 0.0, "31_05_716_1": 0.0, "32_46_716_1": 0.5, "33_28_716_1": 0.0, "34_18_716_1": 0.0, "35_18_716_1": 0.0, "0_A_433_3": 0.0, "1_BIENTOT_433_3": 0.0, "0_Ticket_601_0": 0.0, "1_de_601_0": 0.0, "2_la_601_0": 0.0, "3_caisse_601_0": 0.0, "4_N:_601_0": 0.5, "5_2_601_0": 0.0, "6_:_601_0": 1.0, "7_Impression_601_0": 0.0, "8_03/07/2017_601_0": 0.0, "9_Date_601_0": 0.0, "10_a_601_0": 0.0, "11_12:55:31_601_0": 0.25, "12_Impression_601_0": 0.0, "13_sur_601_0": 0.0, "14_Caisse_601_0": 0.0, "15_N:_601_0": 0.5, "16_2_601_0": 0.0, "17_30_601_0": 0.0, "18_133_601_0": 0.0, "19_LES_601_0": 0.0, "20_ANGLES_601_0": 0.0, "21_RUE_601_0": 0.0, "22_DE_601_0": 0.0, "23_LA_601_0": 0.0, "24_TRAMONTANE_601_0": 0.0, "25_ZAC_601_0": 0.0, "26_GRAND_601_0": 0.0, "27_ANGLE_601_0": 0.0, "28_pour_601_0": 0.0, "29_SATORIZ_601_0": 0.0, "30_Le_601_0": 0.0, "31_bio_601_0": 0.3333333333333333, "32_tous_601_0": 0.0, "0_ _receipt_00324_0": 1.0, "0_BIENTOT_215_4": 0.0, "1_A_215_4": 1.0, "2_Vous_215_4": 0.0, "3_remercie_215_4": 0.0, "4_de_215_4": 0.5, "5_votre_215_4": 0.0, "6_visite_215_4": 0.0, "7_CARREFOUR_215_4": 0.0, "8_MARKET_215_4": 0.0, "9_AYTRE_215_4": 0.0, "10_0125_215_4": 0.25, "11_010_215_4": 1.0, "12_000077_215_4": 0.0, "13_10/12/2016_215_4": 0.0, "14_17:33:31_215_4": 0.125, "15_CARTE_215_4": 0.0, "16_BANCAIRE_215_4": 0.0, "17_EMV_215_4": 0.0, "18_EUR_215_4": 0.0, "19_127.40\u20ac_215_4": 0.2857142857142857, "20_44_215_4": 1.0, "21_ARTICLE(S)_215_4": 1.0, "22_TOTAL_215_4": 0.0, "23_A_215_4": 2.0, "24_PAYER_215_4": 0.0, "25_127.40\u20ac_215_4": 0.2857142857142857, "26_TOTAL_215_4": 0.0, "27_AVANTAGES_215_4": 0.3333333333333333, "28_DES_215_4": 0.0, "29_DU_215_4": 1.0, "30_JOUR_215_4": 0.0, "31_-39.25\u20ac_215_4": 0.2857142857142857, "32_TOTAL_215_4": 0.0, "33_REMISES_215_4": 0.0, "34_IMMEDIATES_215_4": 0.1, "35_-39.25\u20ac_215_4": 0.2857142857142857, "0_QTE_288_0": 1.3333333333333333, "1_DESCRIPTION_288_0": 0.0, "2_MONTANT_288_0": 0.14285714285714285, "3_:_288_0": 1.0, "4_Tel_288_0": 0.0, "5_17000_288_0": 0.0, "6_LA_288_0": 0.0, "7_ROCHELLE_288_0": 0.0, "8_33_288_0": 0.0, "9_RUE_288_0": 0.0, "10_DE_288_0": 0.0, "11_LA_288_0": 0.0, "12_SCIERIE_288_0": 0.0, "13_CRF-CITY_288_0": 0.0, "14_LA_288_0": 0.0, "15_ROCHELLE_288_0": 0.0, "0_DESCRIPTION_134_0": 0.0, "1_QTE_134_0": 1.0, "2_MONTANT_134_0": 0.2857142857142857, "3_:_134_0": 1.0, "4_Tel_134_0": 0.0, "5_17000_134_0": 0.0, "6_ROCHELLE_134_0": 0.0, "7_33_134_0": 2.0, "8_RUE_134_0": 0.0, "9_DE_134_0": 0.0, "10_LA_134_0": 0.5, "11_SCIERIE_134_0": 0.0, "12_CRF-CITY_134_0": 0.0, "13_LA_134_0": 0.5, "14_ROCHELLE_134_0": 0.0, "0_CARTE_249_2": 0.0, "1_BANCAIRE_249_2": 0.0, "2_40.45\u20ac_249_2": 0.3333333333333333, "3_EMV_249_2": 0.0, "4_EUR_249_2": 0.0, "5_(S)_249_2": 0.6666666666666666, "6_18_249_2": 0.5, "7_ARTICLE_249_2": 0.0, "8_TOTAL_249_2": 0.0, "9_A_249_2": 0.0, "10_PAYER_249_2": 0.0, "11_40.45\u20ac_249_2": 0.3333333333333333, "12_TOTAL_249_2": 0.0, "13_NON_249_2": 1.0, "14_ALIMENTAIRE_249_2": 0.2727272727272727, "15_3.97\u20ac_249_2": 0.2, "16_REMISE_249_2": 0.16666666666666666, "17_&_249_2": 1.0, "18_50.00_249_2": 0.0, "19_-3.98\u20ac_249_2": 0.5, "20_SOCQUETTES_249_2": 0.0, "21_7.95\u20ac_249_2": 0.4, "22_/_249_2": 1.0, "23_/_249_2": 1.0, "24_TOTAL_249_2": 0.0, "25_BEAUTE_249_2": 0.0, "26_SANTE_249_2": 0.0, "27_HYGIENE_249_2": 0.14285714285714285, "28_3.45\u20ac_249_2": 0.4, "29_ESSUIE_249_2": 0.0, "30_TOUT_249_2": 0.75, "31_X2_249_2": 0.5, "32_RLX_249_2": 0.3333333333333333, "33_1.85\u20ac_249_2": 0.4, "34_DEBOUCHEUR_249_2": 0.0, "35_GEL_249_2": 0.3333333333333333, "36_1.60\u20ac_249_2": 0.4, "0_A_425_2": 0.0, "1_BIENTOT_425_2": 0.14285714285714285, "2_VISITE_425_2": 0.0, "3_MERCI_425_2": 0.0, "4_DE_425_2": 0.0, "5_VOTRE_425_2": 0.0, "0_10:31:27_253_3": 0.0, "1_000010_253_3": 0.0, "2_26/11/2016_253_3": 0.0, "3_0104_253_3": 0.0, "4_009_253_3": 0.3333333333333333, "5_54.39\u20ac_253_3": 0.5, "6_EUR_253_3": 0.0, "7_CARTE_253_3": 0.0, "8_BANCAIRE_253_3": 0.0, "9_EMV_253_3": 0.0, "10_60.38\u20ac_253_3": 0.3333333333333333, "11_ARTICLE(S)_253_3": 0.0, "12_TOTAL_253_3": 0.0, "13_A_253_3": 0.0, "14_PAYER_253_3": 0.0, "15_27_253_3": 1.0, "16_-0.00\u20ac_253_3": 0.3333333333333333, "17_DES_253_3": 0.0, "18_AVANTAGES_253_3": 0.3333333333333333, "19_DU_253_3": 1.0, "20_JOUR_253_3": 0.0, "21_TOTAL_253_3": 0.0, "22_-0.00\u20ac_253_3": 0.3333333333333333, "23_IMMEDIATES_253_3": 0.2, "24_REMISES_253_3": 0.14285714285714285, "25_TOTAL_253_3": 0.0, "26_(S)_253_3": 0.6666666666666666, "27_60.38\u20ac_253_3": 0.3333333333333333, "28_AVANT_253_3": 0.4, "29_REMISES_253_3": 0.0, "30_ARTICLE_253_3": 0.0, "31_TOTAL_253_3": 0.0, "32_27_253_3": 1.0, "33_2.78\u20ac_253_3": 0.4, "34_/_253_3": 1.0, "35_TOTAL_253_3": 0.0, "36_BEAUTE_253_3": 0.0, "37_SANTE_253_3": 0.0, "38_HYGIENE_253_3": 0.0, "0_43,75_731_1": 0.2, "1_reglement_731_1": 0.0, "2_\u20ac_731_1": 0.0, "3_Total_731_1": 0.0, "4_43,75_731_1": 0.2, "5_\u20ac_731_1": 0.0, "6_BLEUE_731_1": 0.0, "7_CARTE_731_1": 0.0, "8_1_731_1": 0.0, "9_\u20ac)_731_1": 0.5, "10_(41,47_731_1": 0.3333333333333333, "11_2,_731_1": 0.5, "12_28_731_1": 0.0, "13_\u20ac_731_1": 0.0, "14_:_731_1": 1.0, "15_5,50_731_1": 0.25, "16_%_731_1": 1.0, "17_TVA_731_1": 0.0, "18_43,75_731_1": 0.2, "19_\u20ac_731_1": 0.0, "20_PAYER_731_1": 0.0, "21_NET_731_1": 0.0, "22_A_731_1": 0.0, "0_DESCRIPTION_53_0": 0.0, "1_QTE_53_0": 0.3333333333333333, "2_NONTANT_53_0": 0.2857142857142857, "3_Tel_53_0": 0.0, "4_17000_53_0": 0.0, "5_LA_53_0": 0.0, "6_ROCHELLE_53_0": 0.0, "7_LA_53_0": 0.0, "8_33_53_0": 0.0, "9_RUE_53_0": 0.0, "10_DE_53_0": 0.0, "11_SCIERIE_53_0": 0.0, "12_ROCHELLE_53_0": 0.0, "13_CRF-CITY_53_0": 0.0, "14_LA_53_0": 0.0, "0_50.000_receipt_00737_1": 0.0, "1_CHANGED_receipt_00737_1": 0.14285714285714285, "2_200.000_receipt_00737_1": 0.0, "3_CASH_receipt_00737_1": 0.0, "4_TOTAL_receipt_00737_1": 0.0, "5_2_receipt_00737_1": 0.0, "6_E_receipt_00737_1": 0.0, "7_Money_receipt_00737_1": 0.0, "8_Justice_receipt_00737_1": 0.0, "9_Leag_receipt_00737_1": 0.0, "10_150.000_receipt_00737_1": 0.0, "0_P.U_582_0": 0.0, "1_MONTANT_582_0": 0.0, "2_x_582_0": 0.0, "3_QTE_582_0": 0.3333333333333333, "4_DESIGNATION_582_0": 0.0, "5_Reprise_582_0": 0.14285714285714285, "6_SCANNING_582_0": 0.0, "7_TRX:_582_0": 0.25, "8_03162613_582_0": 0.0, "9_SELF_582_0": 0.0, "10_Lundi_582_0": 0.2, "11_21h00_582_0": 0.4, "12_samedi_582_0": 0.3333333333333333, "13_de_582_0": 0.0, "14_8h30_582_0": 0.25, "15_a_582_0": 0.0, "16_au_582_0": 0.0, "17_TE1:_582_0": 1.0, "18_79_582_0": 0.5, "19_05_582_0": 0.5, "20_46_582_0": 1.0, "21_51_582_0": 0.0, "22_23_582_0": 0.0, "0_TTC_782_0": 0.3333333333333333, "1_TVA_782_0": 0.6666666666666666, "2_Ticket_782_0": 0.0, "3_24/12/16_782_0": 0.25, "4_0995_782_0": 0.0, "5_00200_782_0": 0.2, "6_Caisse_782_0": 0.0, "7_009-0109_782_0": 0.25, "8_decembre_782_0": 0.125, "9_24_782_0": 0.5, "10_2016_782_0": 0.0, "11_09:32_782_0": 0.0, "12_TEL._782_0": 0.5, "13_:_782_0": 1.0, "14_LA_782_0": 0.0, "15_VOUS_782_0": 1.0, "16_SOUHAITE_782_0": 0.0, "17_SAINT_782_0": 0.0, "18_D'ANGELY_782_0": 0.125, "19_JEAN_782_0": 0.0, "0_0_receipt_00079_1": 1.0, "1_CHANGE_receipt_00079_1": 0.16666666666666666, "2_25,000_receipt_00079_1": 0.5, "3_GRAND_receipt_00079_1": 1.0, "4_25,000_receipt_00079_1": 0.5, "5_TOTAL_receipt_00079_1": 1.0, "6_Sub Total_receipt_00079_1": 0.1111111111111111, "7_25.000_receipt_00079_1": 0.16666666666666666, "8_Silky_receipt_00079_1": 0.6, "9_Hazelnut_receipt_00079_1": 0.75, "10_1x_receipt_00079_1": 1.0, "11_12,500_receipt_00079_1": 0.5, "12_12.500_receipt_00079_1": 0.16666666666666666, "13_Silky_receipt_00079_1": 0.0, "14_Green_receipt_00079_1": 0.0, "15_Tea_receipt_00079_1": 0.3333333333333333, "16_1x_receipt_00079_1": 1.0, "17_12,500_receipt_00079_1": 1.0, "18_12,500_receipt_00079_1": 0.3333333333333333, "0_CARREFOUR_247_1": 0.0, "1_MARKET_247_1": 0.0, "2_AYTRE_247_1": 0.0, "3_002_247_1": 0.0, "4_0104_247_1": 0.0, "5_000617_247_1": 0.0, "6_16/12/2016_247_1": 0.0, "7_19:05:07_247_1": 0.0, "8_Votre_247_1": 0.0, "9_Monnaie_247_1": 0.0, "10_-16.15\u20ac_247_1": 0.2857142857142857, "11_EUR_247_1": 0.0, "12_ESPECES_247_1": 0.0, "13_20.00\u20ac_247_1": 0.3333333333333333, "14_ARTICLE_247_1": 0.0, "15_(S)_247_1": 0.6666666666666666, "16_3_247_1": 0.0, "17_TOTAL_247_1": 0.0, "18_A_247_1": 0.0, "19_PAYER_247_1": 0.0, "20_3.85\u20ac_247_1": 0.4, "21_TOTAL_247_1": 0.0, "22_ALIMENTAIRE_247_1": 0.0, "23_3.85\u20ac_247_1": 0.4, "24_*PUR_247_1": 0.25, "25_JUS_247_1": 0.6666666666666666, "26_ORANGE_247_1": 0.0, "27_CRF_247_1": 0.0, "28_1.47\u20ac_247_1": 0.4, "29_*PAIN_247_1": 0.2, "30_CEREALES_247_1": 0.0, "31_AUX_247_1": 0.0, "32_0.83\u20ac_247_1": 0.4, "33_6_247_1": 0.0, "34_OEUFS_247_1": 0.0, "35_PLEIN_247_1": 0.0, "36_AIR_247_1": 0.3333333333333333, "37_1.55\u20ac_247_1": 0.4, "0_Combe_807_0": 0.0, "1_42_807_0": 0.5, "2_Rue_807_0": 0.0, "3_De_807_0": 0.0, "4_La_807_0": 0.5, "0_120.000_receipt_00499_1": 0.0, "1_PB_receipt_00499_1": 0.0, "2_1_receipt_00499_1": 1.0, "3_10.909_receipt_00499_1": 0.5, "4_109.090_receipt_00499_1": 1.0, "5_Subtotal_receipt_00499_1": 0.0, "6_1_receipt_00499_1": 1.0, "7_Pembulatan_receipt_00499_1": 0.0, "8_+_receipt_00499_1": 1.0, "9_31.818_receipt_00499_1": 0.5, "10_Goreng_receipt_00499_1": 0.0, "11_1_receipt_00499_1": 0.0, "12_Nasi_receipt_00499_1": 0.0, "13_Goreng_receipt_00499_1": 0.0, "14_35.454_receipt_00499_1": 0.16666666666666666, "15_Bihun_receipt_00499_1": 0.0, "16_1_receipt_00499_1": 1.0, "17_41.818_receipt_00499_1": 0.16666666666666666, "18_YIFUMI_receipt_00499_1": 0.16666666666666666, "19_1_receipt_00499_1": 1.0, "0_ALIMENTAIRE_489_2": 0.36363636363636365, "1_TOTAL_489_2": 0.0, "2_52.61\u20ac_489_2": 0.3333333333333333, "3_*ST_489_2": 1.0, "4_BANANE_489_2": 0.0, "5_P.PRIX_489_2": 0.0, "6_1.28\u20ac_489_2": 0.4, "7_JUS_489_2": 1.3333333333333333, "8_ORANGE_489_2": 0.0, "9_CRF_489_2": 0.0, "10_1.47\u20ac_489_2": 0.4, "11_MOYENNE_489_2": 0.14285714285714285, "12_1.53\u20ac_489_2": 0.4, "13_ME_489_2": 0.5, "14_GALA_489_2": 0.0, "15_2.43\u20ac_489_2": 0.4, "16_*PIZZA_489_2": 0.8333333333333334, "17_4SAISONS_489_2": 0.25, "18_CRF_489_2": 0.0, "19_1.79\u20ac_489_2": 0.2, "20_*PDT_489_2": 0.25, "21_CONSO_489_2": 0.2, "22_UP_489_2": 0.5, "23_MULTICEREAL_489_2": 0.09090909090909091, "24_*PASTIN_489_2": 0.14285714285714285, "25_1.90\u20ac_489_2": 0.4, "26_DESS.GROS_489_2": 0.0, "27_1.65\u20ac_489_2": 0.4, "28_*ORANGE_489_2": 0.0, "29_ENTILLES_489_2": 0.0, "30_CRF_489_2": 0.0, "31_0.45\u20ac_489_2": 0.4, "32_DU_489_2": 1.0, "33_SUD_489_2": 1.0, "34_2.15\u20ac_489_2": 0.6, "35_$EGUME_489_2": 0.5, "36_1L_489_2": 1.0, "37_REMISE_489_2": 0.16666666666666666, "38_-0.81\u20ac_489_2": 0.3333333333333333, "39_6x_489_2": 0.5, "40_0.30_489_2": 0.25, "41_1.80\u20ac_489_2": 0.4, "42_*KIWI_489_2": 0.6, "43_PIECE_489_2": 0.0, "44_KG_489_2": 1.0, "45_POULET_489_2": 0.0, "46_HALAL_489_2": 0.0, "47_BL_489_2": 0.0, "48_5.19\u20ac_489_2": 0.4, "49_DDE_489_2": 0.0, "50_HAL_489_2": 0.0, "51_2.70\u20ac_489_2": 0.4, "52_KG_489_2": 0.5, "53_ESCALOP_489_2": 0.14285714285714285, "54_GAUFRETTES_489_2": 0.2, "55_0.82\u20ac_489_2": 0.4, "56_CHOCO_489_2": 0.0, "0_:_537_0": 1.0, "1_Tel_537_0": 0.0, "2_45000_537_0": 0.0, "3_ORLEANS_537_0": 0.0, "4_GRENIER_537_0": 0.0, "5_SEL_537_0": 0.0, "6_1,_537_0": 1.0, "7_A_537_0": 0.0, "8_RUE_537_0": 0.0, "9_DU_537_0": 1.5, "10_ORLEANS_537_0": 0.0, "11_CITY_537_0": 0.0, "12_CARREFOUR_537_0": 0.0, "0_ _152_2": 2.0, "0_BIENTOT_525_2": 0.0, "1_A_525_2": 0.0, "2_MERCI_525_2": 0.0, "3_DE_525_2": 0.0, "4_VOTRE_525_2": 0.0, "5_VISITE_525_2": 0.0, "6_0001_525_2": 0.0, "7_005_525_2": 0.3333333333333333, "8_000135_525_2": 0.16666666666666666, "9_16/06/2017_525_2": 0.0, "10_13:09:00_525_2": 0.0, "0_44.000_receipt_00697_0": 0.0, "1_Hot_receipt_00697_0": 0.3333333333333333, "2_Dog_receipt_00697_0": 1.0, "3_1_receipt_00697_0": 0.0, "4_Cheese_receipt_00697_0": 0.3333333333333333, "5_W_receipt_00697_0": 0.0, "0_DESCRIPTION_61_0": 0.18181818181818182, "1_QTE_61_0": 0.3333333333333333, "2_MONTANT_61_0": 0.14285714285714285, "3_Tel_61_0": 0.0, "4_LA_61_0": 0.0, "5_17000_61_0": 0.0, "6_ROCHELLE_61_0": 0.0, "7_33_61_0": 0.5, "8_RUE_61_0": 0.0, "9_DE_61_0": 0.0, "10_LA_61_0": 0.0, "11_SCIERIE_61_0": 0.0, "12_CRF-CITY_61_0": 0.125, "13_ROCHELLE_61_0": 0.0, "14_LA_61_0": 1.0, "0_PRIX_733_1": 0.0, "1_NETS_733_1": 0.0, "2_Total_733_1": 0.0, "3_21,80_733_1": 0.2, "4_HT_733_1": 0.5, "5_=_733_1": 0.0, "6_1,20_733_1": 0.0, "7_Total_733_1": 0.0, "8_Tva_733_1": 0.0, "9_=_733_1": 0.0, "10_5,50_733_1": 0.0, "11_1,20_733_1": 0.25, "12_(HT=_733_1": 0.0, "13_Tva2_733_1": 0.25, "14_21,80_733_1": 0.0, "15_)_733_1": 0.0, "16_%_733_1": 0.0, "17_=_733_1": 0.0, "18_TOTAL_733_1": 0.0, "19_23,00_733_1": 0.2, "20_SAUCE_733_1": 0.0, "21_MOYEN_733_1": 0.0, "22_0,60_733_1": 0.0, "23_ROULEAUX_733_1": 0.0, "24_PRINTEMPS_733_1": 0.0, "25_3,20_733_1": 0.25, "26_VERRINE_733_1": 0.0, "27_DE_733_1": 0.0, "28_SAUMON_733_1": 0.0, "29_4,90_733_1": 0.0, "30_SALADE_733_1": 0.0, "31_POULET_733_1": 0.0, "32_5,90_733_1": 0.0, "33_4,20_733_1": 0.0, "34_2_733_1": 0.0, "35_x_733_1": 1.0, "36_8,40_733_1": 0.0, "37_EUR_733_1": 0.0, "38_BOUCHEES_733_1": 0.0, "39_VAPEUR_733_1": 0.0, "0_ _receipt_00002_0": 2.0, "0_Green_receipt_00693_0": 0.0, "1_Tea_receipt_00693_0": 0.0, "2_cold_receipt_00693_0": 0.0, "3_IDR_receipt_00693_0": 0.6666666666666666, "4_12,100_receipt_00693_0": 0.0, "5_Toripaitan_receipt_00693_0": 0.0, "6_Ekstrim_receipt_00693_0": 0.0, "7_telur_receipt_00693_0": 0.0, "8_IDR_receipt_00693_0": 0.3333333333333333, "9_79,200_receipt_00693_0": 0.0, "10_Toripaitan_receipt_00693_0": 0.2, "11_shoyu_receipt_00693_0": 0.0, "12_telur_receipt_00693_0": 0.0, "13_IDR_receipt_00693_0": 0.3333333333333333, "14_71,500_receipt_00693_0": 0.16666666666666666, "0_50,000_receipt_00318_0": 0.0, "1_1_receipt_00318_0": 0.0, "2_CHOCO_receipt_00318_0": 0.0, "3_TIME_receipt_00318_0": 0.0, "0_BIENTOT_317_2": 0.0, "1_A_317_2": 0.0, "2_VISITE_317_2": 0.0, "3_DE_317_2": 0.0, "4_VOTRE_317_2": 0.0, "5_MERCI_317_2": 0.0, "6_15/05/2017_317_2": 0.0, "7_004_317_2": 0.0, "8_11:56:29_317_2": 0.125, "9_000076_317_2": 0.0, "10_0004_317_2": 0.0, "11_fidH_317_2": 0.25, "12_produits_317_2": 0.0, "13_0.33\u20ac_317_2": 0.4, "14_Remise_317_2": 0.0, "0_PAIRK 10%_receipt_00082_0": 1.0, "1_2,091_receipt_00082_0": 1.0, "2_Subtotal_receipt_00082_0": 0.875, "3_20.909_receipt_00082_0": 0.8333333333333334, "4_1_receipt_00082_0": 1.0, "5_STRAWBERRY_receipt_00082_0": 1.0, "6_YOGURT_receipt_00082_0": 1.0, "7_20.909_receipt_00082_0": 0.16666666666666666, "0_ _receipt_00471_0": 2.0, "0_31.000_receipt_00345_1": 0.0, "1_CASH_receipt_00345_1": 0.0, "2_31.000_receipt_00345_1": 0.0, "3_TOTAL_receipt_00345_1": 0.0, "4_10%_receipt_00345_1": 0.0, "5_PB-1_receipt_00345_1": 0.0, "6_2.818_receipt_00345_1": 0.0, "7_SUBTTL_receipt_00345_1": 0.0, "8_28.182_receipt_00345_1": 0.0, "9_1.00_receipt_00345_1": 0.0, "0_Change_receipt_00689_1": 0.0, "1_26.000_receipt_00689_1": 0.16666666666666666, "2_Pembayaran_receipt_00689_1": 0.0, "3_(Cash)_receipt_00689_1": 0.0, "4_50.000_receipt_00689_1": 0.0, "5_ROUNDING_receipt_00689_1": 0.0, "6_0_receipt_00689_1": 2.0, "7_0_receipt_00689_1": 2.0, "8_TAX_receipt_00689_1": 0.3333333333333333, "0_TAX_X51005447841_0": 0.0, "1_09/03/2018_X51005447841_0": 0.1, "2_4:21:23PM_X51005447841_0": 0.0, "3_No.:_X51005447841_0": 0.25, "4_GST_X51005447841_0": 0.0, "5_016-5498845,_X51005447841_0": 0.08333333333333333, "6_NIAGA_X51005447841_0": 0.0, "7_TASIK_X51005447841_0": 0.0, "8_DAMAI_X51005447841_0": 0.0, "9_MEDAN_X51005447841_0": 0.0, "10_4._X51005447841_0": 0.5, "11_UTAMA_X51005447841_0": 0.0, "12_19-1&19-2_X51005447841_0": 0.1111111111111111, "13_JALAN_X51005447841_0": 0.0, "14_TASIK_X51005447841_0": 0.0, "15_19-G&_X51005447841_0": 0.2, "16_NO_X51005447841_0": 0.0, "17_(124525-H)_X51005447841_0": 0.1, "18_BR_X51005447841_0": 0.0, "19_No.:_X51005447841_0": 0.25, "20_BHD_X51005447841_0": 0.0, "21_SDN_X51005447841_0": 0.0, "22_PINTAR_X51005447841_0": 0.0, "23_BORONG_X51005447841_0": 0.0, "0_125G_754_0": 0.25, "1_DESSERT_754_0": 0.0, "2_X_754_0": 2.0, "3_3,30_754_0": 0.0, "4_1,10e_754_0": 0.6, "5_3_754_0": 1.0, "6_BERGERIE_754_0": 0.125, "7_DE_754_0": 0.0, "8_LOZER_754_0": 0.0, "9_DESSERT_754_0": 0.0, "10_BREBIS_754_0": 0.16666666666666666, "11_VANILLE_754_0": 0.2857142857142857, "12_4,05_754_0": 0.25, "13_CALI53_754_0": 0.16666666666666666, "14_63_754_0": 0.0, "15_OEUF*10_754_0": 0.14285714285714285, "16_2,35_754_0": 0.75, "17_FLOCONS_754_0": 0.0, "18_MILLET_754_0": 0.0, "19_POCHE_754_0": 0.0, "20_5,50_754_0": 0.25, "21_FARINE_754_0": 0.0, "22_NOIX_754_0": 0.0, "23_COCO_754_0": 1.0, "24_8,70_754_0": 0.0, "25_NATURE_754_0": 0.0, "26_X6_754_0": 1.0, "27_RICE_754_0": 0.0, "28_DRINK_754_0": 0.0, "29_:_754_0": 1.0, "30_Vendeur_754_0": 0.0, "31_MAELA_754_0": 0.0, "32_DESIGNATION_754_0": 0.0, "33_MT_754_0": 0.5, "34_Euro_754_0": 0.25, "35_LAGORD_754_0": 0.0, "36_17140_754_0": 0.0, "37_TEL_754_0": 0.0, "38_:_754_0": 1.0, "39_-_754_0": 1.0, "40_LAGORD_754_0": 0.0, "41_VENDOME_754_0": 0.0, "42_27_754_0": 0.5, "43_AVENUE_754_0": 0.0, "0_12.000_receipt_00176_1": 0.0, "1_Kembali_receipt_00176_1": 0.14285714285714285, "2_50.000_receipt_00176_1": 0.0, "3_Tunai_receipt_00176_1": 0.0, "0_Takh_X51005441408_0": 0.5, "1_:_X51005441408_0": 2.0, "2_Reg._X51005441408_0": 0.25, "3_(GST_X51005441408_0": 0.0, "4_No_X51005441408_0": 0.5, "5_PETALING_X51005441408_0": 0.125, "6_JAYA._X51005441408_0": 0.6, "7_47400_X51005441408_0": 0.0, "8_UTAMA,_X51005441408_0": 0.0, "9_DAMANSARA_X51005441408_0": 0.0, "10_SS21/62,_X51005441408_0": 0.25, "11_78G,_X51005441408_0": 0.5, "12_JALAN_X51005441408_0": 0.0, "13_by_X51005441408_0": 0.0, "14_TRADING_X51005441408_0": 0.0, "15_CNU_X51005441408_0": 0.0, "16_BISTRO_X51005441408_0": 0.0, "17_own_X51005441408_0": 0.0, "18_32_X51005441408_0": 0.0, "19_PUB_X51005441408_0": 0.0, "20_&_X51005441408_0": 0.0, "0_DESCRIPTION_41_0": 0.0, "1_QTE_41_0": 1.0, "2_NONTANT_41_0": 0.2857142857142857, "3_Tel_41_0": 0.0, "4_17000_41_0": 0.2, "5_ROCHELLE_41_0": 0.0, "6_LA_41_0": 0.0, "7_33_41_0": 0.0, "8_RUE_41_0": 0.0, "9_DE_41_0": 0.0, "10_SCIERIE_41_0": 0.0, "11_LA_41_0": 0.5, "12_CRF-CITY_41_0": 0.0, "13_LA_41_0": 0.0, "14_ROCHELLE_41_0": 0.0, "0_A_453_2": 0.0, "1_BIENTOT_453_2": 0.0, "2_MERCI_453_2": 0.0, "3_DE_453_2": 0.0, "4_VOTRE_453_2": 0.0, "5_VISITE_453_2": 0.0, "0_ _receipt_00621_0": 1.0, "0_1_receipt_00764_0": 1.0, "1_COCA_receipt_00764_0": 0.75, "2_COLA_receipt_00764_0": 0.0, "3_13000_receipt_00764_0": 0.0, "4_13,000_receipt_00764_0": 0.16666666666666666, "5_1_receipt_00764_0": 2.0, "6_ES_receipt_00764_0": 0.5, "7_TEH_receipt_00764_0": 0.3333333333333333, "8_TAWAR_receipt_00764_0": 0.2, "9_8000_receipt_00764_0": 0.0, "10_8,000_receipt_00764_0": 0.0, "11_2_receipt_00764_0": 0.0, "12_BROWN_receipt_00764_0": 0.2, "13_SAUCE_receipt_00764_0": 0.2, "14_0_receipt_00764_0": 1.0, "15_0_receipt_00764_0": 1.0, "16_F.FRIES_receipt_00764_0": 0.42857142857142855, "17_1_receipt_00764_0": 2.0, "18_COMBO_receipt_00764_0": 0.4, "19_0_receipt_00764_0": 2.0, "20_0_receipt_00764_0": 2.0, "21_2_receipt_00764_0": 0.0, "22_F.FRIES_receipt_00764_0": 0.14285714285714285, "23_MEDIUM_receipt_00764_0": 0.3333333333333333, "24_0_receipt_00764_0": 1.0, "25_0_receipt_00764_0": 1.0, "26_1_receipt_00764_0": 2.0, "27_CB_receipt_00764_0": 1.0, "28_PR_receipt_00764_0": 0.5, "29_SIRLOIN_receipt_00764_0": 0.0, "30_162000_receipt_00764_0": 0.0, "31_162,000_receipt_00764_0": 0.0, "0_A_99_2": 0.0, "1_BIENTOT_99_2": 0.0, "0_ _receipt_00173_0": 3.0, "0_DESCR_77_0": 0.0, "1_PTIGN_77_0": 0.0, "2_QTE_77_0": 1.0, "3_MONTANT_77_0": 0.14285714285714285, "4_:_77_0": 1.0, "5_Tel_77_0": 0.0, "6_17000_77_0": 0.2, "7_LA_77_0": 0.5, "8_ROCHELLE_77_0": 0.0, "9_33_77_0": 1.0, "10_RUE_77_0": 0.0, "11_DE_77_0": 0.0, "12_LA_77_0": 0.0, "13_SCIERIE_77_0": 0.0, "14_CRF-CITY_77_0": 0.0, "15_LA_77_0": 0.0, "16_ROCHELLE_77_0": 0.0, "0_ _receipt_00338_0": 4.0, "0_Change:_receipt_00597_1": 0.7142857142857143, "1_28.000_receipt_00597_1": 0.3333333333333333, "2_Tendered:_receipt_00597_1": 0.7777777777777778, "3_50.000_receipt_00597_1": 0.0, "4_Cash_receipt_00597_1": 0.5, "5_Total._receipt_00597_1": 0.16666666666666666, "6_22.000_receipt_00597_1": 0.0, "7_Total_receipt_00597_1": 0.2, "8_Item:_receipt_00597_1": 0.6, "9_2_receipt_00597_1": 2.0, "10_0_receipt_00597_1": 1.0, "11_0_receipt_00597_1": 2.0, "12_x1_receipt_00597_1": 1.0, "13_Bag_receipt_00597_1": 0.3333333333333333, "14_Small_receipt_00597_1": 0.2, "15_6001-Plastic_receipt_00597_1": 0.08333333333333333, "16_22.000_receipt_00597_1": 0.0, "17_22.000_receipt_00597_1": 0.0, "18_x1_receipt_00597_1": 1.0, "19_1001-Choco_receipt_00597_1": 0.1, "20_Bun_receipt_00597_1": 0.0, "0_WW_747_2": 1.0, "1_go_747_2": 0.5, "2_website_747_2": 0.0, "3_to_747_2": 0.5, "4_the_747_2": 0.0, "5_Renuez-vous_747_2": 0.0, "6_sur_747_2": 0.0, "7_notre_747_2": 0.2, "8_site_747_2": 0.0, "9_web_747_2": 0.0, "10_719214_747_2": 0.3333333333333333, "11_Code_747_2": 0.0, "0_:_372_0": 1.0, "1_Tel_372_0": 0.0, "2_17000_372_0": 0.0, "3_SCIERIE_372_0": 0.0, "4_RUE_372_0": 0.0, "5_DE_372_0": 0.0, "6_LA_372_0": 0.0, "7_33_372_0": 0.0, "8_ROCHELLE_372_0": 0.0, "9_CRF-CITY_372_0": 0.0, "10_LA_372_0": 0.0, "0_0.10\u20ac_217_1": 0.4, "1_ALIMENTAIRE_217_1": 0.2727272727272727, "2_TOTAL_217_1": 0.8, "3_NON_217_1": 0.3333333333333333, "4_0.10\u20ac_217_1": 0.4, "5_CAISSE_217_1": 0.0, "6_PAPIER_217_1": 0.0, "7_SAC_217_1": 0.0, "8_3.99\u20ac_217_1": 0.4, "9_/_217_1": 1.0, "10_HYGIENE_217_1": 0.0, "11_BEAUTE_217_1": 0.0, "12_SANTE_217_1": 0.0, "13_TOTAL_217_1": 0.0, "14_3.99\u20ac_217_1": 0.4, "15_TOTAL_217_1": 0.0, "16_ECO_217_1": 0.0, "17_X-TRA_217_1": 0.0, "18_15.11\u20ac_217_1": 0.3333333333333333, "19_ALIMENTAIRE_217_1": 0.09090909090909091, "20_TOTAL_217_1": 0.0, "21_2.05\u20ac_217_1": 0.4, "22_POMME_217_1": 0.4, "23_6P_217_1": 0.5, "24_TARTE_217_1": 0.0, "25_-0.56\u20ac_217_1": 0.3333333333333333, "26_REMISE_217_1": 0.16666666666666666, "27_1.85\u20ac_217_1": 0.4, "28_*LIPTON_217_1": 0.0, "29_LYCHE_217_1": 0.0, "30_GREEN_217_1": 0.0, "31_6.90\u20ac_217_1": 0.4, "32_*CANNELLONI_217_1": 0.09090909090909091, "33_RICOTTA_217_1": 0.0, "34_3.50\u20ac_217_1": 0.4, "35_FOUGASSE_217_1": 0.0, "36_CHEV_217_1": 0.25, "37_*300G_217_1": 0.4, "38_0.48\u20ac_217_1": 0.4, "39_1/6HARI.LE_217_1": 0.1, "40_PHARE_217_1": 0.0, "41_0.89\u20ac_217_1": 0.4, "42_*1/5_217_1": 0.5, "43_ENTIER_217_1": 0.0, "44_THON_217_1": 0.0, "0_CLIENT_680_3": 0.0, "1_LFA_680_3": 0.3333333333333333, "2_ESTIME_680_3": 0.0, "3_LF_680_3": 0.0, "4_19,00_680_3": 0.2, "5_information_680_3": 0.0, "6_:LF_680_3": 0.3333333333333333, "7_19,00_680_3": 0.2, "8_19,00_680_3": 0.2, "9_LFMONTANT_680_3": 0.0, "10_REEL:LF_680_3": 0.14285714285714285, "11_EURLFPour_680_3": 0.0, "12_000030_680_3": 0.0, "13_03_680_3": 0.5, "14_C_680_3": 1.0, "15_LF_680_3": 0.0, "16_LF17_680_3": 0.0, "17_PERIGNY_680_3": 0.0, "18_LF5930729_680_3": 0.0, "19_12:40_680_3": 0.0, "20_05LFBURGER_680_3": 0.0, "21_JEUNELFLE_680_3": 0.0, "22_02/06/17_680_3": 0.0, "23_A_680_3": 0.0, "24_KING_680_3": 0.0, "25_CARTE_680_3": 0.0, "26_BANCAIRE_680_3": 0.0, "0_1_receipt_00382_0": 2.0, "1_Combo_receipt_00382_0": 0.2, "2_1_receipt_00382_0": 2.0, "3_30.000_receipt_00382_0": 0.16666666666666666, "0_1_receipt_00563_0": 0.0, "1_Ice_receipt_00563_0": 0.0, "2_Tea_receipt_00563_0": 0.0, "3_Lemon_receipt_00563_0": 0.0, "4_29,091_receipt_00563_0": 0.0, "5_0_receipt_00563_0": 0.0, "6_1_receipt_00563_0": 0.0, "7_Ice_receipt_00563_0": 0.0, "8_Tea_receipt_00563_0": 0.0, "9_1_receipt_00563_0": 1.0, "10_Cappucino_receipt_00563_0": 0.0, "11_36,364_receipt_00563_0": 0.0, "12_Mocha_receipt_00563_0": 0.0, "13_47,273_receipt_00563_0": 0.16666666666666666, "14_1_receipt_00563_0": 1.0, "0_Restaurant_690_0": 0.0, "1_25000586_690_0": 0.0, "2_ID_690_0": 0.0, "3_Equipier_690_0": 0.0, "4_2_690_0": 0.0, "5_410762744_690_0": 0.0, "6_Saintes_690_0": 0.0, "7_INTRA_690_0": 0.0, "8_TVA_690_0": 0.0, "9_FR50_690_0": 0.0, "10_RCS_690_0": 0.0, "11_5610C_690_0": 0.0, "12_762744_690_0": 0.16666666666666666, "13_00028_690_0": 0.0, "14_-APE_690_0": 0.25, "15_SIRET_690_0": 0.0, "16_410_690_0": 0.3333333333333333, "17_17100_690_0": 0.0, "18_Saintes_690_0": 0.0, "19_de_690_0": 0.0, "20_Voiville_690_0": 0.125, "21_3_690_0": 0.0, "22_Bis_690_0": 0.0, "23_Rue_690_0": 0.0, "24_Saintes_690_0": 0.0, "25_McDonald's_690_0": 0.0, "26_Restaurant_690_0": 0.0, "27_FACTURE_690_0": 0.0, "0_ _receipt_00197_0": 5.0, "0_DESIGNATION_205_0": 0.0, "1_QTE_205_0": 0.0, "2_P.U_205_0": 0.6666666666666666, "3_x_205_0": 0.0, "4_MONTANT_205_0": 0.0, "5_Reprise_205_0": 0.0, "6_SELF_205_0": 0.0, "7_SCANNING_205_0": 0.0, "8_TRX:_205_0": 0.5, "9_02393059_205_0": 0.25, "10_Lundi_205_0": 0.0, "11_au_205_0": 0.0, "12_samedi_205_0": 0.3333333333333333, "13_8h30_205_0": 0.0, "14_a_205_0": 1.0, "15_de_205_0": 0.5, "16_21h00_205_0": 0.0, "17_TE1:_205_0": 0.25, "18_05_205_0": 0.5, "19_46_205_0": 1.0, "20_51_205_0": 0.0, "21_23_205_0": 0.0, "22_79_205_0": 0.5, "23_Bienvenue_205_0": 0.1111111111111111, "24_chez_205_0": 0.0, "0_Vignette(s)_240_2": 0.0, "1_par_240_2": 0.0, "2_operation_240_2": 0.0, "3_Bravo_240_2": 0.2, "4_cumule_240_2": 0.0, "5_vous_240_2": 0.0, "6_avez_240_2": 0.0, "7_1.0_240_2": 0.0, "8_BIENTOT_240_2": 0.0, "9_A_240_2": 0.0, "10_Vous_240_2": 0.25, "11_remercie_240_2": 0.0, "12_de_240_2": 0.0, "13_votre_240_2": 0.0, "14_visite_240_2": 0.0, "15_CARREFOUR_240_2": 0.0, "16_MARKET_240_2": 0.0, "17_AYTRE_240_2": 0.0, "18_0104_240_2": 0.0, "19_002_240_2": 0.0, "20_000136_240_2": 0.3333333333333333, "21_17/12/2016_240_2": 0.0, "22_12:31:52_240_2": 0.0, "23_Votre_240_2": 0.0, "24_Monnaie_240_2": 0.0, "25_-15.00\u20ac_240_2": 0.2857142857142857, "0_1,73_653_1": 1.0, "1_A_653_1": 0.0, "2_Saute_653_1": 0.0, "3_veau_653_1": 0.0, "4_de_653_1": 0.0, "5_0,82_653_1": 0.25, "6_Champignons_653_1": 0.0, "7_A_653_1": 0.0, "8_eminces_653_1": 0.0, "9_0,69_653_1": 0.25, "10_A_653_1": 1.0, "11_Lentilles_653_1": 0.0, "12_0,39_653_1": 0.0, "13_4_653_1": 0.0, "14_1,56_653_1": 0.0, "15_A_653_1": 0.0, "16_de_653_1": 0.0, "17_tomates_653_1": 0.0, "18_Puree_653_1": 0.0, "19_0,75_653_1": 0.0, "20_Sucre_653_1": 0.0, "21_A_653_1": 1.0, "22_sachet_653_1": 0.0, "23_gros_653_1": 0.0, "24_1,43_653_1": 0.25, "25_cal._653_1": 0.0, "26_A_653_1": 0.0, "27_Oeufs_653_1": 0.0, "28_DJP_653_1": 0.3333333333333333, "29_type_653_1": 0.0, "30_0,45_653_1": 0.25, "31_A_653_1": 1.0, "32_Farine_653_1": 0.0, "33_45_653_1": 0.5, "34_1,19_653_1": 0.5, "35_A_653_1": 1.0, "36_melangee_653_1": 0.0, "37_Salade_653_1": 0.0, "38_0,67_653_1": 0.25, "39_A_653_1": 0.0, "40_carottes_653_1": 0.0, "41_Salade_653_1": 0.0, "42_de_653_1": 0.0, "43_rape_653_1": 0.25, "44_1,12_653_1": 1.0, "45_3x70g_653_1": 0.0, "46_A_653_1": 0.0, "47_Emmental_653_1": 0.125, "48_1,69_653_1": 0.0, "49_poulet_653_1": 0.0, "50_A_653_1": 0.0, "51_a_653_1": 0.0, "52_Plats_653_1": 0.0, "53_exot._653_1": 0.0, "54_1,69_653_1": 0.25, "55_exotiques_653_1": 0.0, "56_mous_653_1": 0.0, "57_A_653_1": 0.0, "58_Plats_653_1": 0.0, "59_0,99_653_1": 0.0, "60_terre_653_1": 0.0, "61_A_653_1": 1.0, "62_Minut_653_1": 0.0, "63_Pomme_653_1": 0.0, "64_de_653_1": 0.0, "65_1,59_653_1": 1.0, "66_A_653_1": 0.0, "67_Menthe_653_1": 0.0, "0_MERCI_113_1": 0.0, "1_DE_113_1": 0.0, "2_VOTRE_113_1": 0.0, "3_VISITE_113_1": 0.0, "4_000340_113_1": 0.0, "5_27/05/2016_113_1": 0.2, "6_0007_113_1": 0.0, "7_004_113_1": 0.0, "8_17:29:01_113_1": 0.125, "9_CARTE_113_1": 0.0, "10_BANCAIRE_113_1": 0.0, "11_EMV_113_1": 0.0, "12_EUR_113_1": 0.0, "13_5.40\u20ac_113_1": 0.4, "14_(S)_113_1": 0.6666666666666666, "15_5.40\u20ac_113_1": 0.4, "16_ARTICLE_113_1": 0.0, "17_TOTAL_113_1": 0.0, "18_A_113_1": 0.0, "19_PAYER_113_1": 0.0, "20_4_113_1": 0.0, "21_1.49\u20ac_113_1": 0.4, "22_6_113_1": 0.0, "23_RLX_113_1": 0.3333333333333333, "24_P.H.2PLI_113_1": 0.25, "25_CRF_113_1": 0.0, "26_1.25\u20ac_113_1": 0.4, "27_4_113_1": 0.0, "28_KNACKI_113_1": 0.16666666666666666, "29_HERTA_113_1": 0.0, "30_1.16\u20ac_113_1": 0.4, "31_3X1/4_113_1": 0.8, "32_HAIS_113_1": 0.25, "33_CRF_113_1": 0.0, "34_1.50\u20ac_113_1": 0.4, "35_2006_113_1": 0.25, "36_TOMATE_113_1": 0.16666666666666666, "37_CERISE_113_1": 0.16666666666666666, "38_B_113_1": 0.0, "0_Tax_receipt_00160_1": 1.0, "1_3,990_receipt_00160_1": 0.8, "2_Services_receipt_00160_1": 0.25, "3_1,900_receipt_00160_1": 0.0, "0_1_receipt_00646_0": 1.0, "1_BLACK_receipt_00646_0": 0.0, "2_CHEESE_receipt_00646_0": 0.0, "3_20,000_receipt_00646_0": 0.0, "4_HOTDOG_receipt_00646_0": 0.0, "5_POTATO_receipt_00646_0": 0.0, "6_1_receipt_00646_0": 1.0, "7_SAUSAGE_receipt_00646_0": 0.0, "8_BREAD_receipt_00646_0": 0.0, "9_19,000_receipt_00646_0": 0.0, "10_2_receipt_00646_0": 0.0, "11_CRANBERRY_receipt_00646_0": 0.0, "12_(S)_receipt_00646_0": 1.0, "13_WALNUT_receipt_00646_0": 0.16666666666666666, "14_17,000_receipt_00646_0": 0.0, "15_3_receipt_00646_0": 1.0, "16_TWIST_receipt_00646_0": 0.0, "17_DONUT_receipt_00646_0": 0.0, "18_27,000_receipt_00646_0": 0.16666666666666666, "0_ _receipt_00795_0": 3.0, "0_9.500,00_receipt_00227_0": 0.375, "1_9.500,00_receipt_00227_0": 0.375, "2_x1_receipt_00227_0": 1.0, "3_JOHN_receipt_00227_0": 1.0, "4_2005-CHEESE_receipt_00227_0": 0.18181818181818182, "0_Kembalian_receipt_00553_1": 0.0, "1_Rp. 0_receipt_00553_1": 0.2, "2_15000_receipt_00553_1": 0.2, "3_Tunai_receipt_00553_1": 0.0, "0_BIENTOT_330_2": 0.0, "1_MERCI_330_2": 0.0, "2_DE_330_2": 0.0, "3_VOTRE_330_2": 0.0, "4_VISITE_330_2": 0.0, "0_MERCI_289_2": 0.0, "1_DE_289_2": 0.0, "2_VOTRE_289_2": 0.0, "3_VISITE_289_2": 0.0, "4_0002_289_2": 0.25, "5_000086_289_2": 0.0, "6_003_289_2": 0.0, "7_08/02/2017_289_2": 0.0, "8_12:29:14_289_2": 0.0, "0_SAYAP_receipt_00352_0": 0.0, "1_1_receipt_00352_0": 0.0, "2_AYAM_receipt_00352_0": 0.25, "3_17.000_receipt_00352_0": 0.0, "4_SEG_receipt_00352_0": 0.0, "5_SAMBEL_receipt_00352_0": 0.0, "6_TOMAT_receipt_00352_0": 0.0, "7_1_receipt_00352_0": 0.0, "8_5.000_receipt_00352_0": 0.0, "9_NASI_receipt_00352_0": 0.0, "10_PUTIH_receipt_00352_0": 0.0, "11_7.000_receipt_00352_0": 0.0, "12_1_receipt_00352_0": 0.0, "13_BOYO_receipt_00352_0": 0.5, "14_15.000_receipt_00352_0": 0.0, "15_ILAT_receipt_00352_0": 0.0, "16_1_receipt_00352_0": 0.0, "17_ES_receipt_00352_0": 0.0, "0_50,30_737_1": 0.2, "1_CHEQUES_737_1": 0.0, "2_\u20ac_737_1": 0.0, "3_1_737_1": 0.0, "4_26,80_737_1": 0.2, "5_1,40_737_1": 0.25, "6_25,40_737_1": 0.2, "7_5,50_737_1": 0.25, "8_\u20ac_737_1": 0.0, "9_\u20ac_737_1": 1.0, "10_%%_737_1": 0.5, "11_\u20ac_737_1": 0.0, "12_19,58_737_1": 0.2, "13_\u20ac_737_1": 0.0, "14_23,50_737_1": 0.2, "15_3,92_737_1": 0.5, "16_\u20ac_737_1": 0.0, "17_20,00_737_1": 0.2, "18_%_737_1": 2.0, "19_\u20ac_737_1": 0.0, "20_TAUX_737_1": 0.0, "21_TVA_737_1": 0.0, "22_H.T_737_1": 0.3333333333333333, "23_TTC_737_1": 1.3333333333333333, "24_50,30_737_1": 0.2, "25_\u20ac_737_1": 0.0, "26_NET_737_1": 0.0, "27_PAYER_737_1": 0.0, "28_A_737_1": 0.0, "29_26,80_737_1": 0.4, "30_20,80_737_1": 0.2, "31_\u20ac_737_1": 0.0, "32_\u20ac_737_1": 0.0, "33_BOI_737_1": 0.0, "34_COMP_737_1": 0.0, "35_NOE_737_1": 0.3333333333333333, "36_23,50_737_1": 0.8, "37_23,50_737_1": 0.2, "38_\u20ac_737_1": 0.0, "39_COFFRET_737_1": 0.0, "40_\u20ac_737_1": 0.0, "41_PUN_737_1": 0.0, "42_3_737_1": 0.0, "43_QTE_737_1": 0.0, "44_total._737_1": 0.16666666666666666, "45_PRIX_737_1": 0.0, "46_PRIX_737_1": 0.25, "47_ARTICLE_737_1": 0.0, "48_unit._737_1": 0.2, "0_Sub_receipt_00685_0": 1.0, "1_Total_receipt_00685_0": 0.2, "2_35,909_receipt_00685_0": 0.16666666666666666, "3_1_receipt_00685_0": 1.0, "4_Cream_receipt_00685_0": 0.2, "5_Soup_receipt_00685_0": 0.25, "6_8,182_receipt_00685_0": 0.2, "7_1_receipt_00685_0": 1.0, "8_SB_receipt_00685_0": 0.0, "9_1_receipt_00685_0": 2.0, "10_HC_receipt_00685_0": 1.0, "11_27,727_receipt_00685_0": 0.3333333333333333, "0_Votr_747_1": 0.5, "1_avis_747_1": 0.0, "2_nous_747_1": 0.0, "3_interesse_747_1": 0.0, "4_RCS:_747_1": 0.5, "5_534704770_747_1": 0.0, "6_Meic_747_1": 0.5, "7_ot_747_1": 1.0, "8_voyage_747_1": 0.5, "9_***_747_1": 1.0, "10_bon_747_1": 0.6666666666666666, "11_***_747_1": 1.6666666666666667, "12_Net_747_1": 0.0, "13_TTL_747_1": 0.0, "14_7.32_747_1": 1.0, "15_0.73_747_1": 0.25, "16_TVA_747_1": 0.0, "17_10%_747_1": 0.0, "18_8.05_747_1": 0.25, "19_8.05_747_1": 0.0, "20_Carte_747_1": 0.0, "21_Bleue_747_1": 0.0, "22_Basilic_747_1": 0.0, "23_PAM_747_1": 0.0, "24_1_747_1": 0.0, "25_Toastie_747_1": 0.0, "26_Brie_747_1": 0.0, "27_6.20_747_1": 0.0, "0_Total_634_2": 0.0, "1_43,50_634_2": 0.0, "2_en_634_2": 0.0, "3_FRF_634_2": 0.0, "4_F_634_2": 0.0, "5_EURO_634_2": 0.0, "6_6,55957_634_2": 0.14285714285714285, "7_F_634_2": 1.0, "8_=_634_2": 0.0, "9_4_634_2": 0.0, "0_ _receipt_00799_0": 3.0, "0_Tel_37_0": 0.0, "1_17000_37_0": 0.0, "2_LA_37_0": 0.5, "3_ROCHELLE_37_0": 0.0, "4_RUE_37_0": 0.0, "5_DE_37_0": 0.0, "6_LA_37_0": 0.0, "7_33_37_0": 0.0, "8_SCIERIE_37_0": 0.14285714285714285, "9_CRF-CITY_37_0": 0.0, "10_LA_37_0": 0.5, "11_ROCHELLE_37_0": 0.0, "0_TOTAL_receipt_00303_2": 0.0, "1_836,000_receipt_00303_2": 0.2857142857142857, "0_17,000_receipt_00291_0": 0.16666666666666666, "1_1_receipt_00291_0": 1.0, "2_17,000_receipt_00291_0": 0.3333333333333333, "3_TRIPPLE CHEESF_receipt_00291_0": 0.07142857142857142, "0_1026-Garlic_receipt_00510_0": 0.2727272727272727, "1_Pesto_receipt_00510_0": 0.6, "0_A_144_2": 0.0, "1_BIENTOT_144_2": 0.0, "2_MERCI_144_2": 0.0, "3_DE_144_2": 0.0, "4_VOTRE_144_2": 0.0, "5_VISITE_144_2": 0.0, "0_19/12/2016_76_1": 0.1, "1_13:32:02_76_1": 0.0, "2_0001_76_1": 0.0, "3_004_76_1": 0.0, "4_000045_76_1": 0.0, "5_SANS_76_1": 0.0, "6_CONTACT_76_1": 0.0, "7_EUR_76_1": 0.0, "8_7.28\u20ac_76_1": 0.4, "9_CB_76_1": 0.0, "10_EMV_76_1": 0.3333333333333333, "11_6_76_1": 0.0, "12_7.28\u20ac_76_1": 0.4, "13_(S)_76_1": 0.6666666666666666, "14_PAYER_76_1": 0.0, "15_ARTICLE_76_1": 0.0, "16_TOTAL_76_1": 0.0, "17_A_76_1": 0.0, "18_*TARTIFLETTE_76_1": 0.0, "19_3.82\u20ac_76_1": 0.4, "20_CRF_76_1": 0.3333333333333333, "21_2x_76_1": 0.5, "22_*CRISTALINE_76_1": 0.0, "23_0.40\u20ac_76_1": 0.4, "24_1.5L_76_1": 0.0, "25_0.20_76_1": 0.0, "26_1.95\u20ac/kg_76_1": 0.25, "27_0.405kg_76_1": 0.14285714285714285, "28_x_76_1": 0.0, "29_0.79\u20ac_76_1": 0.4, "30_*BANANE_76_1": 0.14285714285714285, "31_*2X30CL_76_1": 0.14285714285714285, "32_VELOUT.PDT._76_1": 0.0, "33_1.27\u20ac_76_1": 0.4, "34_1.00\u20ac_76_1": 0.4, "35_BAGUETTE_76_1": 0.0, "36_CRF_76_1": 0.0, "37_250_76_1": 0.0, "38_GR_76_1": 0.0, "39_QTE_76_1": 1.0, "40_MONTANT_76_1": 0.14285714285714285, "41_DESCRIPTION_76_1": 0.0, "0_13.90_745_1": 0.0, "1_EUR_745_1": 0.0, "2_CARTE_745_1": 0.0, "3_BANCAIRE_745_1": 0.125, "4_13.90_745_1": 0.0, "5_10.00%_745_1": 0.0, "6_1.26_745_1": 0.0, "7_EUR_745_1": 0.0, "8_12.64_745_1": 0.2, "9_TVA_745_1": 0.0, "10_Mt_745_1": 0.0, "11_TTC_745_1": 0.6666666666666666, "12_TV_745_1": 2.0, "13_HT_745_1": 0.0, "14_Mt_745_1": 0.0, "15_Tx_745_1": 0.0, "16_Mt_745_1": 0.0, "17_R_745_1": 0.0, "18_13.90_745_1": 0.0, "19_EU_745_1": 0.5, "20_TTC A_745_1": 0.2, "21_REGLER_745_1": 0.0, "22_TOTAL_745_1": 0.0, "23_NET_745_1": 0.0, "24_DELICE_745_1": 0.0, "25_CASSIS_745_1": 0.0, "26_CHAUD_745_1": 0.0, "27_PLAT_745_1": 0.0, "0_quotidien._755_3": 0.1, "1_Voir_755_3": 0.0, "2_modalites_755_3": 0.0, "3_en_755_3": 0.0, "4_megasins_755_3": 0.375, "5_LACarte:_755_3": 0.0, "6_-5%_755_3": 0.3333333333333333, "7_sur_755_3": 0.0, "8_de_755_3": 0.0, "9_produits_755_3": 0.0, "10_500_755_3": 0.0, "11_+_755_3": 1.0, "12_du_755_3": 0.5, "13_3/12/16_755_3": 0.0, "14_16:11_755_3": 0.0, "15_2501_755_3": 0.0, "16_0040_755_3": 0.0, "17_11_755_3": 1.0, "18_145_755_3": 1.0, "19_*_755_3": 3.0, "20_Sous_755_3": 0.0, "21_reserve_755_3": 0.0, "22_Operations_755_3": 0.2, "23_des_755_3": 0.0, "24_en_755_3": 0.0, "25_cours_755_3": 0.0, "26_NOUVEAU_755_3": 0.0, "27_SOLDE_755_3": 0.0, "28_S'MILES*_755_3": 0.375, "29_19,5_755_3": 1.0, "0_ _receipt_00440_0": 2.0, "0_ _receipt_00270_0": 2.0, "0_ _receipt_00112_0": 6.0, "0_Change:_receipt_00736_1": 0.2857142857142857, "1_26,000_receipt_00736_1": 0.0, "2_50,000_receipt_00736_1": 0.0, "3_cash:_receipt_00736_1": 0.2, "4_2,182_receipt_00736_1": 0.2, "5_PB1:_receipt_00736_1": 0.25, "6_21,818_receipt_00736_1": 0.0, "7_SubTotal:_receipt_00736_1": 0.1111111111111111, "8_NuTea_receipt_00736_1": 0.0, "9_1_receipt_00736_1": 1.0, "10_SmokeBeef_receipt_00736_1": 0.0, "11_+_receipt_00736_1": 2.0, "0_ _receipt_00137_0": 2.0, "0_70,000_receipt_00380_1": 0.3333333333333333, "1_CHANGED_receipt_00380_1": 0.0, "2_100.000_receipt_00380_1": 0.2857142857142857, "3_CASH_receipt_00380_1": 0.0, "4_TOTAL_receipt_00380_1": 0.2, "5_1_receipt_00380_1": 1.0, "6_Extra_receipt_00380_1": 0.2, "7_Jelly_receipt_00380_1": 0.0, "8_Lychee._receipt_00380_1": 0.2857142857142857, "9_5,000_receipt_00380_1": 0.2, "10_1_receipt_00380_1": 1.0, "11_Lemon_receipt_00380_1": 0.4, "12_(L)._receipt_00380_1": 1.0, "13_25.000_receipt_00380_1": 0.0, "14_Tea_receipt_00380_1": 0.3333333333333333, "0_82,000_receipt_00372_1": 0.16666666666666666, "1_CHANGE_receipt_00372_1": 0.16666666666666666, "2_100,000_receipt_00372_1": 0.0, "3_CASH_receipt_00372_1": 0.25, "0_compte_395_1": 0.0, "1_0.54\u20ac_395_1": 0.4, "2_sur_395_1": 0.0, "3_votre_395_1": 0.0, "4_fidelite._395_1": 0.0, "5_Carrefour,_395_1": 0.0, "6_fidelite_395_1": 0.0, "7_vous_395_1": 0.0, "8_curnulez_395_1": 0.125, "9_programme_395_1": 0.0, "10_avez_395_1": 0.0, "11_souscrit_395_1": 0.125, "12_au_395_1": 0.0, "13_CB_395_1": 2.0, "14_EMV_395_1": 0.6666666666666666, "15_SANS_395_1": 0.0, "16_CONTACT_395_1": 0.0, "17_EUR_395_1": 0.0, "18_6.81\u20ac_395_1": 0.4, "19_5_395_1": 0.0, "20_ARTICLE_395_1": 0.14285714285714285, "21_(S)_395_1": 0.6666666666666666, "22_TOTAL_395_1": 0.0, "23_A_395_1": 1.0, "24_PAYER_395_1": 0.0, "25_6.81\u20ac_395_1": 0.4, "26_*PAT.P_395_1": 0.16666666666666666, "27_ZZA_395_1": 1.0, "28_CRF_395_1": 0.0, "29_260G_395_1": 0.25, "30_1.26\u20ac_395_1": 0.4, "31_*HOZZA_395_1": 0.8333333333333334, "32_BOULE_395_1": 0.0, "33_GALBAN_395_1": 0.16666666666666666, "34_2x_395_1": 0.5, "35_1.06_395_1": 0.0, "36_2.12\u20ac_395_1": 0.4, "37_*CHAMP_395_1": 0.6666666666666666, "38_GNONS_395_1": 0.2, "39_BRUNS_395_1": 0.0, "40_25_395_1": 1.0, "41_1.95\u20ac_395_1": 0.4, "42_*350G_395_1": 0.6, "43_AUCE_395_1": 0.25, "44_PROVENC_395_1": 0.0, "45_1.48\u20ac_395_1": 0.4, "0_ _receipt_00681_0": 4.0, "0_ _receipt_00638_0": 2.0, "0_RHYS_X00016469671_0": 0.0, "1_Cashier_X00016469671_0": 0.0, "2_TAN_X00016469671_0": 0.0, "3_02/01/2019_X00016469671_0": 0.1, "4_Date_X00016469671_0": 0.0, "5_2:47:14_X00016469671_0": 0.0, "6_PM_X00016469671_0": 0.0, "7_No:_X00016469671_0": 0.0, "8_Invoice_X00016469671_0": 0.14285714285714285, "9_PEGIV-1030531_X00016469671_0": 0.0, "10_Cash_X00016469671_0": 0.0, "11_Bill_X00016469671_0": 0.0, "12_Email:_X00016469671_0": 0.0, "13_Tel:07-388_X00016469671_0": 0.0, "14_2218_X00016469671_0": 0.0, "15_Fax:07-388_X00016469671_0": 0.0, "16_8218_X00016469671_0": 0.0, "17_MASAI,_X00016469671_0": 0.3333333333333333, "18_81750_X00016469671_0": 0.0, "19_JOHOR_X00016469671_0": 0.0, "20_ALAM,_X00016469671_0": 0.0, "21_BANDAR_X00016469671_0": 0.0, "22_SERI_X00016469671_0": 0.0, "23_4,_X00016469671_0": 0.0, "24_4,_X00016469671_0": 0.0, "25_NO 2_X00016469671_0": 0.0, "26_&_X00016469671_0": 0.0, "27_JALAN_X00016469671_0": 0.0, "28_BAYU_X00016469671_0": 0.0, "29_ROC_X00016469671_0": 0.0, "30_NO:_X00016469671_0": 0.0, "31_538358-H_X00016469671_0": 0.0, "32_OJC_X00016469671_0": 1.0, "33_MARKETING_X00016469671_0": 0.0, "34_SDN_X00016469671_0": 0.0, "35_BHD_X00016469671_0": 0.0, "36_yee_X00016469671_0": 0.0, "37_tan_X00016469671_0": 0.0, "0_3_receipt_00045_0": 0.0, "1_Kcl_receipt_00045_0": 0.3333333333333333, "2_*Plastik_receipt_00045_0": 0.125, "3_1_receipt_00045_0": 2.0, "4_0_receipt_00045_0": 0.0, "5_Large_receipt_00045_0": 0.0, "6_22.000_receipt_00045_0": 0.16666666666666666, "7_2_receipt_00045_0": 0.0, "8_1_receipt_00045_0": 0.0, "0_176036/05_792_1": 0.0, "1_0588_792_1": 1.0, "2_09.01.19_792_1": 0.0, "3_20,0%_792_1": 0.2, "4_B_792_1": 0.0, "5_TVA_792_1": 0.0, "6_16,62_792_1": 0.0, "7_de_792_1": 0.0, "8_2,77_792_1": 1.0, "9_Carte_792_1": 0.0, "10_16,62_792_1": 0.0, "0_1.33\u20ac_226_0": 0.4, "1_1/2_226_0": 1.0, "2_CANNELLONI_226_0": 0.0, "3_CRF_226_0": 0.3333333333333333, "4_QTE_226_0": 1.0, "5_MONTANT_226_0": 0.14285714285714285, "6_DESCRIPTION_226_0": 0.0, "7_Aytre._226_0": 0.16666666666666666, "8_Gargot_226_0": 0.0, "9_Nicolas_226_0": 0.0, "10_Rue_226_0": 0.0, "11_17440_226_0": 0.0, "12_a_226_0": 1.0, "13_12h30_226_0": 0.0, "14_Dimanche_226_0": 0.0, "15_9h_226_0": 0.5, "16_Lundi_226_0": 0.0, "17_au_226_0": 0.0, "18_Samedi_226_0": 0.0, "19_de_226_0": 0.0, "20_9h_226_0": 0.5, "21_a_226_0": 1.0, "22_20h00_226_0": 0.0, "23_0546457320_226_0": 0.0, "24_Tel_226_0": 0.0, "25_Carrefour_226_0": 0.0, "26_market_226_0": 0.0, "27_AYTRE_226_0": 0.0, "0_MERCI_143_1": 0.0, "1_DE_143_1": 0.0, "2_VOTRE_143_1": 0.0, "3_VISITE_143_1": 0.0, "4_000121_143_1": 0.0, "5_25/02/2016_143_1": 0.1, "6_12:10:07_143_1": 0.0, "7_004_143_1": 0.0, "8_0004_143_1": 0.0, "9_5.43\u20ac_143_1": 0.4, "10_BANCAIRE_143_1": 0.0, "11_EMV_143_1": 0.3333333333333333, "12_EUR_143_1": 0.0, "13_CARTE_143_1": 0.0, "14_ARTICLE_143_1": 0.0, "15_(S)_143_1": 1.0, "16_PAYER_143_1": 0.0, "17_5.43\u20ac_143_1": 0.4, "18_TOTAL_143_1": 0.0, "19_A_143_1": 0.0, "20_3_143_1": 1.0, "21_1.16\u20ac_143_1": 0.4, "22_FRAMBOISE_143_1": 0.1111111111111111, "23_GENOISE_143_1": 0.2857142857142857, "24_2.50\u20ac_143_1": 0.4, "25_FOUGASSETTE_143_1": 0.09090909090909091, "26_CHEVRE_143_1": 0.16666666666666666, "27_1.77\u20ac_143_1": 0.4, "28_JBN/FR_143_1": 0.0, "29_CLUB_143_1": 0.25, "30_COMPLT_143_1": 0.16666666666666666, "0_CASH_receipt_00549_1": 0.0, "1_100,000_receipt_00549_1": 0.14285714285714285, "0_VISITE_326_1": 0.0, "1_MERCI_326_1": 0.0, "2_DE_326_1": 0.0, "3_VOTRE_326_1": 0.0, "4_26/04/2017_326_1": 0.0, "5_003_326_1": 0.0, "6_12:01:09_326_1": 0.0, "7_000101_326_1": 0.3333333333333333, "8_5.28\u20ac_326_1": 0.4, "9_CONTACT_326_1": 0.0, "10_SANS_326_1": 0.0, "11_EUR_326_1": 0.0, "12_CB_326_1": 1.0, "13_ENV_326_1": 0.6666666666666666, "14_5.28\u20ac_326_1": 0.4, "15_PAYER_326_1": 0.0, "16_TOTAL_326_1": 0.8, "17_A_326_1": 0.0, "18_1.58\u20ac_326_1": 0.4, "19_OEUF_326_1": 0.0, "20_*SDU.B._326_1": 0.2857142857142857, "21_CON_326_1": 1.0, "22_0.93\u20ac_326_1": 0.4, "23_CRF_326_1": 0.3333333333333333, "24_*DESS._326_1": 0.0, "25_OMMES_326_1": 0.4, "26_SS_326_1": 1.0, "27_2.77\u20ac_326_1": 0.4, "28_UINOA_326_1": 0.6, "29_BOULG_326_1": 0.2, "30_*180G_326_1": 0.4, "31_QTE_326_1": 1.0, "32_MONTANT_326_1": 0.14285714285714285, "33_DESCRIPTION_326_1": 0.18181818181818182, "0_A_157_2": 1.0, "1_BIENTOT_157_2": 0.0, "0_ _receipt_00274_0": 2.0, "0_KEMBALI_receipt_00795_1": 1.0, "1_2,000_receipt_00795_1": 0.4, "2_TUNAI_receipt_00795_1": 1.0, "3_50.000_receipt_00795_1": 0.5, "4_GRAND_receipt_00795_1": 1.0, "5_TOTAL_receipt_00795_1": 1.0, "6_48.000_receipt_00795_1": 0.5, "7_TAX_receipt_00795_1": 1.6666666666666667, "8_10.00_receipt_00795_1": 0.4, "9_4,364_receipt_00795_1": 0.8, "10_TOTAL_receipt_00795_1": 1.2, "11_43,636_receipt_00795_1": 1.0, "12_43,636_receipt_00795_1": 0.6666666666666666, "13_DIHUN_receipt_00795_1": 0.8, "14_CAMPUR_receipt_00795_1": 0.6666666666666666, "15_43,636_receipt_00795_1": 1.0, "16_1_receipt_00795_1": 1.0, "0_DESCRIPTION_452_0": 0.0, "1_QTE_452_0": 1.0, "2_MONTANT_452_0": 0.42857142857142855, "3_:_452_0": 2.0, "4_Tel_452_0": 0.3333333333333333, "5_17000_452_0": 0.0, "6_LA_452_0": 0.0, "7_ROCHELLE_452_0": 0.0, "8_33_452_0": 1.0, "9_RUE_452_0": 0.0, "10_DE_452_0": 0.0, "11_LA_452_0": 0.0, "12_SCIERIE_452_0": 0.14285714285714285, "13_CRF-CITY_452_0": 0.0, "14_LA_452_0": 0.0, "15_ROCHELLE_452_0": 0.0, "0_Date_706_1": 0.0, "1_30/09/18_706_1": 0.0, "2_Accepte_706_1": 0.0, "3_d'autor.:_706_1": 0.1111111111111111, "4_Code_706_1": 0.5, "5_551357_706_1": 0.0, "6_STAN:_706_1": 0.0, "7_057303_706_1": 0.3333333333333333, "8_Code_706_1": 0.25, "9_secret_706_1": 0.16666666666666666, "10_verifie_706_1": 0.0, "11_BANCAIRES:_706_1": 0.1, "12_CARTES_706_1": 0.0, "13_OD_706_1": 1.0, "14_17.60_706_1": 0.0, "15_Carte_706_1": 0.0, "16_bancaire_706_1": 0.0, "17_OT_706_1": 1.0, "18_ITC_706_1": 1.3333333333333333, "19_17.60_706_1": 0.4, "20_PAQUES_706_1": 0.0, "21_2017_706_1": 0.0, "22_MENU_706_1": 0.0, "23_SOD_706_1": 1.0, "24_4_706_1": 1.0, "25_6.90_706_1": 0.25, "26_CRAQUANTES_706_1": 0.0, "27_2.30_706_1": 0.25, "28_CHIPS_706_1": 0.0, "29_150_706_1": 0.0, "30_SDW_706_1": 0.3333333333333333, "31_LE_706_1": 0.0, "32_4.90_706_1": 0.25, "33_MEGA_706_1": 0.0, "34_POULET_706_1": 0.0, "35_PETIT_706_1": 0.0, "36_ECOLIER_706_1": 0.14285714285714285, "37_3.50_706_1": 0.0, "38_CHOCO_706_1": 0.0, "39_2_706_1": 0.0, "0_BORONG_X51005447841_2": 0.0, "1_PINTAR_X51005447841_2": 0.0, "2_SDN_X51005447841_2": 0.0, "3_BHD_X51005447841_2": 0.0, "4_you_X51005447841_2": 0.0, "5_shopping_X51005447841_2": 0.0, "6_PASARAYA_X51005447841_2": 0.0, "7_Thank_X51005447841_2": 0.0, "8_for_X51005447841_2": 0.3333333333333333, "9_at_X51005447841_2": 0.5, "10_returnable_X51005447841_2": 0.0, "11_*Goods_X51005447841_2": 0.16666666666666666, "12_are_X51005447841_2": 0.0, "13_sold_X51005447841_2": 0.0, "14_not_X51005447841_2": 0.0, "15_ZRL_X51005447841_2": 0.0, "16_0%_X51005447841_2": 0.0, "17_10_X51005447841_2": 0.0, "18_40_X51005447841_2": 0.0, "19_0.00_X51005447841_2": 0.0, "20_=_X51005447841_2": 0.0, "21_(RM)_X51005447841_2": 0.0, "22_Summary_X51005447841_2": 0.0, "23_(RM)_X51005447841_2": 0.0, "24_GST_X51005447841_2": 0.0, "25_Amount_X51005447841_2": 0.0, "26_Tax_X51005447841_2": 0.0, "27_Change_X51005447841_2": 0.0, "28_0.10_X51005447841_2": 0.0, "29_10.50_X51005447841_2": 0.2, "30_Cash_X51005447841_2": 0.0, "31_Payment_X51005447841_2": 0.0, "32_Customer's_X51005447841_2": 0.0, "33_10.40_X51005447841_2": 0.0, "34_GST_X51005447841_2": 0.0, "35_0%_X51005447841_2": 0.0, "36_Includes_X51005447841_2": 0.0, "37_Total_X51005447841_2": 0.0, "38_Qty:_X51005447841_2": 0.25, "39_10.40_X51005447841_2": 0.0, "40_*Total_X51005447841_2": 0.16666666666666666, "41_4.00_X51005447841_2": 0.0, "0_/kg_703_0": 0.0, "1_kg_703_0": 0.5, "2_:_703_0": 1.0, "3_Ticket_703_0": 0.0, "4_1_703_0": 0.0, "5_Num_703_0": 0.0, "6_HUGUES_703_0": 0.0, "7_Vendeur:_703_0": 0.0, "8_5_703_0": 1.0, "9_Client:_703_0": 0.0, "10_92_703_0": 0.0, "11_1_703_0": 0.0, "12_Balance:_703_0": 0.0, "13_80_703_0": 0.0, "14_90_703_0": 0.0, "15_46_703_0": 0.0, "16_45_703_0": 0.0, "17_TEL_703_0": 0.0, "18_05_703_0": 0.5, "19_MER_703_0": 0.0, "20_SUR_703_0": 0.0, "21_690_703_0": 0.0, "22_17_703_0": 1.0, "23_SERRES_703_0": 0.0, "24_LES_703_0": 0.0, "0_CHANGE_receipt_00485_1": 0.16666666666666666, "1_DUE_receipt_00485_1": 0.0, "2_0_receipt_00485_1": 0.0, "3_LAZZ 7641_receipt_00485_1": 0.0, "4_17,000_receipt_00485_1": 0.3333333333333333, "5_17,000_receipt_00485_1": 0.0, "0_ARTICLE_505_1": 0.0, "1_(S)_505_1": 1.0, "2_TOTAL_505_1": 0.2, "3_PAYER_505_1": 0.0, "4_11.73\u20ac_505_1": 0.3333333333333333, "5_A_505_1": 1.0, "6_/_505_1": 1.0, "7_TOTAL_505_1": 0.0, "8_BEAUTE_505_1": 0.0, "9_SANTE_505_1": 0.0, "10_/_505_1": 1.0, "11_HYGIENE_505_1": 0.0, "12_1.62\u20ac_505_1": 0.4, "13_4_505_1": 0.0, "14_RLX_505_1": 0.0, "15_ESSUIE_505_1": 0.16666666666666666, "16_TOUT_505_1": 0.75, "17_1.62\u20ac_505_1": 0.4, "18_TOTAL_505_1": 0.0, "19_ALIMENTAIRE_505_1": 0.09090909090909091, "20_10.11\u20ac_505_1": 0.16666666666666666, "21_*POIRE_505_1": 0.16666666666666666, "22_BQ_505_1": 0.5, "23_3FRT_505_1": 0.0, "24_0,99_505_1": 0.25, "25_0.99\u20ac_505_1": 0.4, "26_*PET_505_1": 0.25, "27_1L_505_1": 0.5, "28_PJ_505_1": 1.0, "29_MULTIFRU_505_1": 0.125, "30_1.77\u20ac_505_1": 0.4, "31_*PDT_505_1": 0.5, "32_CONSERV.BLCHE_505_1": 0.07692307692307693, "33_0.99\u20ac_505_1": 0.4, "34_*FLT_505_1": 0.25, "35_1KG_505_1": 0.3333333333333333, "36_TOMATE_505_1": 0.16666666666666666, "37_IMP_505_1": 0.6666666666666666, "38_2.29\u20ac_505_1": 0.4, "39_*BAGUETTE_505_1": 0.1111111111111111, "40_CAMPAGNAR_505_1": 0.1111111111111111, "41_0.95\u20ac_505_1": 0.4, "42_100G_505_1": 0.25, "43_NESCAFE_505_1": 0.0, "44_SELEC_505_1": 0.0, "45_3.12\u20ac_505_1": 0.4, "0_ _receipt_00063_0": 2.0, "0_18,000_receipt_00372_0": 0.0, "1_GRAND_receipt_00372_0": 0.0, "2_TOTAL_receipt_00372_0": 0.0, "3_18,000_receipt_00372_0": 0.16666666666666666, "4_Sub_receipt_00372_0": 0.0, "5_Total_receipt_00372_0": 0.0, "6_18,000_receipt_00372_0": 0.0, "7_18,000_receipt_00372_0": 0.0, "8_(NAM)_receipt_00372_0": 0.0, "9_1x_receipt_00372_0": 0.5, "10_Mini_receipt_00372_0": 0.0, "11_Croisant_receipt_00372_0": 0.0, "0_BEVERAGE_receipt_00232_0": 0.0, "1_40,000_receipt_00232_0": 0.0, "2_OCHA_receipt_00232_0": 0.0, "3_30,000_receipt_00232_0": 0.0, "4_3_receipt_00232_0": 1.0, "5_HOT_receipt_00232_0": 0.6666666666666666, "6_OCHA_receipt_00232_0": 0.0, "7_10,000_receipt_00232_0": 0.0, "8_1_receipt_00232_0": 0.0, "0_A_255_3": 0.0, "1_BIENTOT_255_3": 0.0, "0_FTC_receipt_00666_0": 0.6666666666666666, "1_CREAMY_receipt_00666_0": 0.3333333333333333, "2_42,727_receipt_00666_0": 0.3333333333333333, "3_BEEF_receipt_00666_0": 0.25, "4_1_receipt_00666_0": 1.0, "5_CLS_receipt_00666_0": 1.0, "6_SAUSAGE_receipt_00666_0": 0.42857142857142855, "7_1_receipt_00666_0": 1.0, "8_PASTRY_receipt_00666_0": 0.16666666666666666, "9_ROLL_receipt_00666_0": 0.75, "10_29,091_receipt_00666_0": 1.0, "11_PHILLY_receipt_00666_0": 0.0, "12_1_receipt_00666_0": 1.0, "13_CHEESESTEAK_receipt_00666_0": 0.45454545454545453, "14_SL_receipt_00666_0": 1.0, "0_TOTAL:_707_2": 0.0, "0_BIENTOT_213_4": 0.0, "1_A_213_4": 1.0, "2_remercie_213_4": 0.0, "3_de_213_4": 0.0, "4_votre_213_4": 0.0, "5_visite_213_4": 0.0, "6_Vous_213_4": 0.25, "7_CARREFOUR_213_4": 0.0, "8_MARKET_213_4": 0.0, "9_AYTRE_213_4": 0.0, "10_0108_213_4": 0.0, "11_18:16:57_213_4": 0.0, "12_011_213_4": 1.0, "13_000080_213_4": 0.0, "14_10/09/2016_213_4": 0.0, "15_BANCAIRE_213_4": 0.0, "16_96.87\u20ac_213_4": 0.3333333333333333, "17_EUR_213_4": 0.0, "18_CARTE_213_4": 0.0, "19_EMV_213_4": 0.0, "20_96.87\u20ac_213_4": 0.3333333333333333, "21_ARTICLE(S)_213_4": 0.0, "22_TOTAL_213_4": 0.0, "23_A_213_4": 0.0, "24_PAYER_213_4": 0.0, "25_48_213_4": 1.0, "26_/_213_4": 1.0, "27_SANTE_213_4": 0.2, "28_/_213_4": 1.0, "29_HYGIENE_213_4": 0.42857142857142855, "30_14.89\u20ac_213_4": 0.3333333333333333, "31_TOTAL_213_4": 0.0, "32_BEAUTE_213_4": 0.0, "33_FLASH_213_4": 0.2, "34_EPONGE_213_4": 0.0, "35_2x_213_4": 1.0, "36_2.74_213_4": 0.5, "37_5.48\u20ac_213_4": 0.4, "38_3.37\u20ac_213_4": 0.4, "39_DEO_213_4": 0.3333333333333333, "40_MARIN_213_4": 0.4, "41_LPM_213_4": 0.3333333333333333, "0_07/02/2017_8_1": 0.0, "1_0004_8_1": 0.0, "2_004_8_1": 0.0, "3_000531_8_1": 0.0, "4_18:51:36_8_1": 0.0, "5_CARTE_8_1": 0.0, "6_BANCAIRE_8_1": 0.125, "7_EMV_8_1": 0.0, "8_EUR_8_1": 0.0, "9_6.62\u20ac_8_1": 0.4, "10_ARTICLE_8_1": 0.0, "11_(S)_8_1": 1.0, "12_TOTAL_8_1": 0.0, "13_6.62\u20ac_8_1": 0.4, "14_4_8_1": 1.0, "15_A_8_1": 0.0, "16_PAYER_8_1": 0.0, "17_*VAN_8_1": 0.5, "18_CACAO_8_1": 0.2, "19_CRAQU_8_1": 0.2, "20_2.60\u20ac_8_1": 0.4, "21_*HINIZZA_8_1": 0.25, "22_BELIN_8_1": 0.2, "23_1.16\u20ac_8_1": 0.4, "24_*856_8_1": 0.25, "25_3D'S_8_1": 0.5, "26_CACAHUETT_8_1": 0.0, "27_0.96\u20ac_8_1": 0.6, "28_*1256_8_1": 0.2, "29_NOI.CAJOU_8_1": 0.1111111111111111, "30_CRF_8_1": 0.0, "31_1.90\u20ac_8_1": 0.4, "32_DESCRIPTION_8_1": 0.0, "33_QTE_8_1": 1.0, "34_MONTANT_8_1": 0.14285714285714285, "0_BIENTOT_32_2": 0.0, "0_Cash_X51005444033_1": 0.0, "1_100.00_X51005444033_1": 0.0, "2_Tender_X51005444033_1": 0.0, "3_Saving_X51005444033_1": 0.0, "4_Total_X51005444033_1": 0.0, "5_77.20_X51005444033_1": 0.0, "6_0.00_X51005444033_1": 0.0, "7_Total_X51005444033_1": 0.0, "8_Qty_X51005444033_1": 0.3333333333333333, "9_Rounding_X51005444033_1": 0.0, "10_0.00_X51005444033_1": 0.0, "11_4._X51005444033_1": 0.5, "12_77.20_X51005444033_1": 0.0, "13_@_X51005444033_1": 0.0, "14_Item_X51005444033_1": 0.0, "15_2_X51005444033_1": 0.0, "16_Totai_X51005444033_1": 0.2, "17_with_X51005444033_1": 0.0, "18_6%_X51005444033_1": 0.0, "19_GST_X51005444033_1": 0.0, "20_53.50_X51005444033_1": 0.0, "21_1_X51005444033_1": 1.0, "22_53.50_X51005444033_1": 0.0, "23_S_X51005444033_1": 1.0, "24_Water_X51005444033_1": 0.2, "25_6x1.25L_X51005444033_1": 0.0, "26_Mineral_X51005444033_1": 0.0, "27_Evian_X51005444033_1": 0.2, "28_Z_X51005444033_1": 1.0, "29_7.90*3_X51005444033_1": 0.16666666666666666, "30_23.70_X51005444033_1": 0.0, "31_Pineapple_X51005444033_1": 0.0, "32_Pcs_X51005444033_1": 0.0, "33_Dole_X51005444033_1": 0.0, "34_:_X51005444033_1": 1.0, "35_Sy_X51005444033_1": 0.0, "36_Cashier_X51005444033_1": 0.0, "37_20:29:59_X51005444033_1": 0.125, "38_Fatin_X51005444033_1": 0.0, "39_12/03/18_X51005444033_1": 0.0, "40_Tax_X51005444033_1": 0.0, "41_Invoice_X51005444033_1": 0.0, "42_(GST_X51005444033_1": 0.25, "43_REG_X51005444033_1": 0.0, "44_NO_X51005444033_1": 0.5, "45_7359_X51005444033_1": 0.0, "46_03-2093_X51005444033_1": 0.14285714285714285, "47_7358_X51005444033_1": 0.0, "48_F:_X51005444033_1": 0.5, "49_03-2093_X51005444033_1": 0.0, "50_T:_X51005444033_1": 1.0, "0_BIENTOT_365_1": 0.0, "1_A_365_1": 0.0, "2_DE_365_1": 0.0, "3_VOTRE_365_1": 0.0, "4_MERCI_365_1": 0.0, "5_VISITE_365_1": 0.0, "6_000289_365_1": 0.16666666666666666, "7_14:19:58_365_1": 0.125, "8_22/05/2017_365_1": 0.0, "9_0006_365_1": 0.0, "10_004_365_1": 0.0, "11_CONTACT_365_1": 0.0, "12_EUR_365_1": 0.0, "13_4.62\u20ac_365_1": 0.4, "14_SANS_365_1": 0.0, "15_CB_365_1": 0.5, "16_EMV_365_1": 0.0, "17_(S)_365_1": 0.6666666666666666, "18_4.62\u20ac_365_1": 0.4, "19_3_365_1": 0.0, "20_ARTICLE_365_1": 0.0, "21_TOTAL_365_1": 0.0, "22_A_365_1": 0.0, "23_PAYER_365_1": 0.0, "24_1.23\u20ac_365_1": 0.4, "25_BN_365_1": 0.0, "26_*X16_365_1": 0.25, "27_CHOCOLAT_365_1": 0.0, "28_1.58\u20ac_365_1": 0.4, "29_*SDU.BACON_365_1": 0.1, "30_OEUF_365_1": 0.0, "31_1.81\u20ac_365_1": 0.4, "32_*COLESLAW_365_1": 0.1111111111111111, "0_Kembali_receipt_00493_1": 0.0, "1_59.000_receipt_00493_1": 0.0, "0_HOUM.EXTRA_582_1": 0.1, "1_2,20_582_1": 0.0, "2_4_582_1": 1.0, "3_CAROT._582_1": 0.16666666666666666, "4_2,20_582_1": 0.25, "5_4_582_1": 1.0, "6_CRF_582_1": 0.3333333333333333, "7_TARAMA_582_1": 0.0, "8_EXTRA_582_1": 0.0, "9_2,88_582_1": 0.25, "10_MOZZA._582_1": 0.3333333333333333, "11_BUFALA_582_1": 0.0, "12_CRF_582_1": 0.0, "13_4_582_1": 1.0, "14_1,80_582_1": 0.25, "15_POUSS_582_1": 0.0, "16_4_582_1": 1.0, "17_PANACH._582_1": 0.0, "18_JEUNE_582_1": 0.0, "19_4,06_582_1": 0.75, "20_CARPACCIO_582_1": 0.0, "21_BOEUF_582_1": 0.0, "22_4_582_1": 1.0, "23_NANTERRE_582_1": 0.0, "24_P_582_1": 1.0, "25_4_582_1": 1.0, "26_BRIOCHE_582_1": 0.0, "27_2,00_582_1": 0.25, "28_TOMATE_582_1": 0.0, "29_MEL_582_1": 0.0, "30_ROND_582_1": 0.0, "31_4_582_1": 1.0, "32_PX_582_1": 1.0, "33_0,97_582_1": 0.5, "34_BAGUETTE_582_1": 0.25, "35_RUSTI_582_1": 0.2, "36_4_582_1": 1.0, "37_PDA_582_1": 0.3333333333333333, "38_3,18_582_1": 0.25, "39_4_582_1": 1.0, "40_2,51_582_1": 0.25, "41_NECTARINE_582_1": 0.0, "42_JNE_582_1": 0.3333333333333333, "43_VRAC_582_1": 0.5, "44_4_582_1": 1.0, "45_2,50_582_1": 0.25, "46_4_582_1": 1.0, "47_MELON_582_1": 0.0, "48_PIECE_582_1": 0.0, "49_2,02_582_1": 0.25, "50_8X125G_582_1": 0.3333333333333333, "51_PANIER_582_1": 0.0, "52_4_582_1": 1.0, "53_0%_582_1": 1.0, "54_1,25_582_1": 0.5, "55_2,8%_582_1": 0.25, "56_BLANC_582_1": 0.0, "57_FROMAGE_582_1": 0.0, "58_4_582_1": 1.0, "59_1,22_582_1": 1.0, "60_BI_582_1": 1.0, "61_SCOTTES_582_1": 0.0, "62_4_582_1": 1.0, "63_270G_582_1": 0.25, "64_0,70_582_1": 0.0, "65_LAIT_582_1": 0.0, "66_UHT_582_1": 0.0, "67_PL_582_1": 0.0, "68_4_582_1": 1.0, "69_BRK_582_1": 0.0, "70_1L_582_1": 0.5, "0_25,000_receipt_00280_1": 0.16666666666666666, "1_CHANGE_receipt_00280_1": 0.16666666666666666, "2_50,000_receipt_00280_1": 0.0, "3_CASH_receipt_00280_1": 0.25, "4_25,000_receipt_00280_1": 0.16666666666666666, "5_DUE_receipt_00280_1": 0.3333333333333333, "6_PCS_receipt_00280_1": 0.3333333333333333, "7_3_receipt_00280_1": 1.0, "8_25,000_receipt_00280_1": 0.0, "9_SUBTOTAL_receipt_00280_1": 0.125, "10_ITEM:_receipt_00280_1": 0.0, "11_3_receipt_00280_1": 2.0, "12_9,000_receipt_00280_1": 0.0, "13_CHICKEN_receipt_00280_1": 0.0, "14_1_receipt_00280_1": 1.0, "15_RB._receipt_00280_1": 0.0, "16_CREPES_receipt_00280_1": 0.0, "17_8,000_receipt_00280_1": 0.0, "18_COKLAT_receipt_00280_1": 0.16666666666666666, "19_1_receipt_00280_1": 1.0, "20_RB._receipt_00280_1": 0.0, "21_BUN_receipt_00280_1": 0.0, "22_8,000_receipt_00280_1": 0.0, "23_COKLAT_receipt_00280_1": 0.0, "24_BAR_receipt_00280_1": 0.0, "25_1_receipt_00280_1": 1.0, "26_RB._receipt_00280_1": 0.0, "0_SILVER_receipt_00284_0": 0.16666666666666666, "1_CARD 10Y_receipt_00284_0": 0.125, "2_127,000_receipt_00284_0": 0.0, "3_TOTAL_receipt_00284_0": 0.0, "4_ITEMS_receipt_00284_0": 0.8, "5_38,000_receipt_00284_0": 0.3333333333333333, "6_1_receipt_00284_0": 1.0, "7_MANDARIN_receipt_00284_0": 0.0, "8_IPED_receipt_00284_0": 1.0, "9_89,000_receipt_00284_0": 0.16666666666666666, "10_DOUBLE_receipt_00284_0": 0.6666666666666666, "11_BREAST_receipt_00284_0": 0.16666666666666666, "12_1_receipt_00284_0": 1.0, "13_CHICK_receipt_00284_0": 1.0, "0_MICIN_receipt_00623_0": 0.8, "1_NO_receipt_00623_0": 1.0, "2_HONGKONG_receipt_00623_0": 0.0, "3_TIM_receipt_00623_0": 0.6666666666666666, "4_118,000_receipt_00623_0": 0.0, "5_GURAME_receipt_00623_0": 0.5, "6_REG_receipt_00623_0": 0.6666666666666666, "7_IKAN_receipt_00623_0": 0.75, "8_1_receipt_00623_0": 2.0, "0_24.64\u20ac_256_1": 0.3333333333333333, "1_EUR_256_1": 0.0, "2_CARTE_256_1": 0.0, "3_BANCAIRE_256_1": 0.0, "4_EMV_256_1": 0.0, "5_24.64\u20ac_256_1": 0.3333333333333333, "6_(S)_256_1": 0.6666666666666666, "7_PAYER_256_1": 0.0, "8_TOTAL_256_1": 0.0, "9_A_256_1": 0.0, "10_24.64\u20ac_256_1": 0.5, "11_ALIMENTAIRE_256_1": 0.0, "12_TOTAL_256_1": 0.8, "13_2.03\u20ac_256_1": 0.4, "14_CHARC._256_1": 0.0, "15_LARDONS_256_1": 0.0, "16_*GRS_256_1": 0.25, "17_14.85\u20ac_256_1": 0.3333333333333333, "18_*GALLIAGEST_256_1": 0.0, "19_2EM_256_1": 0.6666666666666666, "20_AGE_256_1": 0.6666666666666666, "21_1.56\u20ac_256_1": 0.4, "22_CRF_256_1": 0.0, "23_*EMMENTAL_256_1": 0.2222222222222222, "24_RAPE_256_1": 0.0, "25_2.88\u20ac_256_1": 0.4, "26_GLUTEN_256_1": 0.0, "27_*BAGUETTE_256_1": 0.0, "28_SS_256_1": 0.5, "29_1.99\u20ac_256_1": 0.4, "30_OIGN.ROSC.RDF_256_1": 0.0, "31_*500G_256_1": 0.4, "32_1.33\u20ac_256_1": 0.4, "33_CAMEMBERT_256_1": 0.1111111111111111, "34_CRF_256_1": 0.0, "35_*250G_256_1": 0.4, "0_60,999_receipt_00263_1": 0.5, "1_Card:_receipt_00263_1": 0.4, "2_Debit_receipt_00263_1": 0.4, "3_5,545_receipt_00263_1": 0.2, "4_PB1:_receipt_00263_1": 0.75, "5_55,454_receipt_00263_1": 0.0, "6_SubTotal:_receipt_00263_1": 0.1111111111111111, "7_28,182_receipt_00263_1": 0.0, "8_Toblerone_receipt_00263_1": 0.1111111111111111, "9_BanCheese_receipt_00263_1": 0.2222222222222222, "10_1_receipt_00263_1": 1.0, "11_27,272_receipt_00263_1": 0.0, "12_Nutella_receipt_00263_1": 0.14285714285714285, "13_Cheese_receipt_00263_1": 0.0, "14_1_receipt_00263_1": 1.0, "0_Carte_525_1": 0.0, "1_:_525_1": 2.0, "2_Votre_525_1": 0.0, "3_Monnaie_525_1": 0.0, "4_-0.02\u20ac_525_1": 0.3333333333333333, "5_ESPECES_525_1": 0.0, "6_EUR_525_1": 0.0, "7_7.50\u20ac_525_1": 0.4, "8_ARTICLE(S)_525_1": 0.0, "9_3_525_1": 0.0, "10_TOTAL_525_1": 0.0, "11_A_525_1": 0.0, "12_PAYER_525_1": 0.0, "13_7.48\u20ac_525_1": 0.4, "14_*SAUHON_525_1": 0.42857142857142855, "15_OSEILLE/RIZ_525_1": 0.0, "16_4.18\u20ac_525_1": 0.4, "17_*90G_525_1": 0.5, "18_MOELLEUX_525_1": 0.125, "19_CHOCOLA_525_1": 0.14285714285714285, "20_*200G_525_1": 0.2, "21_CAROTTE_525_1": 0.0, "22_RAPE_525_1": 0.0, "23_BI_525_1": 0.0, "24_1.60\u20ac_525_1": 0.4, "25_DESCRIPTION_525_1": 0.0, "26_QTE_525_1": 1.0, "27_MONTANT_525_1": 0.2857142857142857, "0_Details:_191_3": 0.0, "1_compte_191_3": 0.0, "2_votre_191_3": 0.0, "3_fidelite_191_3": 0.0, "4_Carrefour._191_3": 0.0, "5_vous_191_3": 0.0, "6_auriez_191_3": 0.0, "7_cumule_191_3": 0.0, "8_0.22\u20ac_191_3": 0.4, "9_sur_191_3": 0.0, "10_fidelite,_191_3": 0.0, "11_aviez_191_3": 0.0, "12_la_191_3": 0.5, "13_carte_191_3": 0.0, "14_CARTE_191_3": 0.0, "15_BANCAIRE_191_3": 0.0, "16_EMV_191_3": 0.0, "17_EUR_191_3": 0.0, "18_59.42\u20ac_191_3": 0.3333333333333333, "19_32_191_3": 1.0, "20_ARTICLE_191_3": 0.0, "21_(S)_191_3": 1.0, "22_TOTAL_191_3": 0.8, "23_A_191_3": 1.0, "24_PAYER_191_3": 0.0, "25_59.42\u20ac_191_3": 0.3333333333333333, "26_*YAOURT_191_3": 0.14285714285714285, "27_A_191_3": 0.0, "28_LA_191_3": 0.0, "29_GRECQU_191_3": 0.16666666666666666, "30_1.43\u20ac_191_3": 0.4, "31_*TOMATE_191_3": 0.2857142857142857, "32_CERISE_191_3": 0.0, "33_BIO_191_3": 0.0, "34_BQ_191_3": 1.0, "35_1.75\u20ac_191_3": 0.4, "36_*SPAGHETTI_191_3": 0.2, "37_INTEGRAL_191_3": 0.0, "38_1.19\u20ac_191_3": 0.2, "39_*RAVIOLI_191_3": 0.125, "40_RIC.EPINAR_191_3": 0.1, "41_3.26\u20ac_191_3": 0.4, "0_17690_716_0": 0.0, "1_ANGOULINS_716_0": 0.0, "2_Avenue_716_0": 0.0, "3_des_716_0": 0.0, "4_Fourneaux_716_0": 0.0, "5_L'HEURE_716_0": 0.42857142857142855, "6_DU_716_0": 0.5, "7_MARCHE_716_0": 0.0, "8_goit_716_0": 0.5, "9_!_716_0": 1.0, "10_Pramenaz_716_0": 0.375, "11_vous_716_0": 1.0, "12_dans_716_0": 0.25, "13_ie_716_0": 1.0, "14_l'heure_716_0": 0.2857142857142857, "15_du_716_0": 0.0, "16_marche_716_0": 0.0, "17_TK2-025738_716_0": 0.0, "18_25/03/2017_716_0": 0.0, "19_10:25_716_0": 0.0, "0_Total_receipt_00179_1": 0.0, "1_item_receipt_00179_1": 0.0, "2_4_receipt_00179_1": 1.0, "3_Total_receipt_00179_1": 0.0, "4_Qty_receipt_00179_1": 0.6666666666666666, "5_:4_receipt_00179_1": 1.5, "6_TOTAL_receipt_00179_1": 0.0, "7_TAX_receipt_00179_1": 0.6666666666666666, "8_10%_receipt_00179_1": 0.0, "9_11,706_receipt_00179_1": 0.16666666666666666, "10_SC_receipt_00179_1": 0.5, "11_7%_receipt_00179_1": 1.0, "12_7,658_receipt_00179_1": 0.2, "13_SUBTOTAL_receipt_00179_1": 0.0, "14_109,400_receipt_00179_1": 0.0, "0_Tel_267_0": 0.0, "1_17000_267_0": 0.0, "2_LA_267_0": 0.0, "3_ROCHELLE_267_0": 0.0, "4_33_267_0": 0.0, "5_RUE_267_0": 0.0, "6_DE_267_0": 0.0, "7_LA_267_0": 0.5, "8_SCIERIE_267_0": 0.0, "9_ROCHELLE_267_0": 0.0, "10_CRF-CITY_267_0": 0.0, "11_LA_267_0": 0.0, "0_1.95\u20ac_257_1": 0.4, "1_CAL.MOY_257_1": 0.2857142857142857, "2_BIO_257_1": 0.3333333333333333, "3_OEUF_257_1": 0.0, "4_0.48\u20ac_257_1": 0.4, "5_TORSADE_257_1": 0.0, "6_CRF_257_1": 0.0, "7_500G_257_1": 0.25, "8_1.09\u20ac_257_1": 0.4, "9_DE_257_1": 0.0, "10_MIE_257_1": 0.3333333333333333, "11_500G_257_1": 0.25, "12_PAIN_257_1": 0.0, "13_CHOCO_257_1": 0.6, "14_1.50\u20ac_257_1": 0.4, "15_4X100G_257_1": 0.8333333333333334, "16_PPC_257_1": 0.6666666666666666, "17_1.60\u20ac_257_1": 0.4, "18_CASSOULET_257_1": 0.0, "19_420G_257_1": 0.25, "20_1.70\u20ac_257_1": 0.4, "21_SAUCE_257_1": 0.0, "22_OLIVES_257_1": 0.0, "23_400G_257_1": 0.25, "24_0.72\u20ac_257_1": 0.4, "25_BISCOTT.CRF_257_1": 0.0, "26_300G_257_1": 0.25, "27_2.97\u20ac_257_1": 0.4, "28_TORTELL.PESTO_257_1": 0.07692307692307693, "29_250G_257_1": 0.25, "30_2.97\u20ac_257_1": 0.4, "31_RAVIOLI_257_1": 0.0, "32_PLT_257_1": 0.0, "33_P_257_1": 1.0, "34_250G_257_1": 0.25, "35_-10.65\u20ac_257_1": 0.2857142857142857, "36_REMISE_257_1": 0.0, "37_2.16\u20ac_257_1": 0.4, "38_CROQ'SOJA_257_1": 0.3333333333333333, "39_200G_257_1": 0.25, "40_1.50\u20ac_257_1": 0.4, "41_RIZ_257_1": 0.0, "42_INCOLLABLE_257_1": 0.0, "43_1KG_257_1": 0.6666666666666666, "44_COQUILLETTE_257_1": 0.0, "45_P._257_1": 1.0, "46_1KG_257_1": 0.6666666666666666, "47_1.64\u20ac_257_1": 0.4, "48_POIVRONS_257_1": 0.125, "49_SCE_257_1": 0.0, "50_1906_257_1": 0.0, "51_1.20\u20ac_257_1": 0.4, "52_NOIR_257_1": 0.0, "53_FEU_257_1": 0.0, "54_100G_257_1": 0.25, "55_CHOC_257_1": 0.5, "0_ _receipt_00545_0": 2.0, "0_ _receipt_00663_0": 5.0, "0_CASH_receipt_00509_1": 0.0, "1_TL_receipt_00509_1": 1.5, "2_TX1_receipt_00509_1": 1.0, "3_4,909_receipt_00509_1": 0.2, "4_HAI_receipt_00509_1": 0.3333333333333333, "5_CMP_receipt_00509_1": 0.0, "6_49,090_receipt_00509_1": 0.5, "7_1_receipt_00509_1": 0.0, "8_SPC_receipt_00509_1": 0.6666666666666666, "0_ _receipt_00644_0": 2.0, "0_83,716_receipt_00219_1": 1.0, "1_TOMAT_receipt_00219_1": 0.6, "2_3,267_receipt_00219_1": 0.6, "3_0.198X_receipt_00219_1": 1.0, "4_CABE_receipt_00219_1": 1.25, "5_KERITING_receipt_00219_1": 0.0, "6_3,323_receipt_00219_1": 0.4, "7_0.074X_receipt_00219_1": 0.16666666666666666, "8_44,900_receipt_00219_1": 0.6666666666666666, "9_BUNCIS_receipt_00219_1": 0.8333333333333334, "10_20,600_receipt_00219_1": 0.8333333333333334, "11_1X_receipt_00219_1": 1.0, "12_20,600_receipt_00219_1": 1.0, "13_15,900_receipt_00219_1": 1.0, "14_not250_receipt_00219_1": 1.0, "15_shllt_receipt_00219_1": 1.0, "16_by_receipt_00219_1": 1.0, "17_df_receipt_00219_1": 2.0, "0_250G_19_1": 0.25, "1_SALADE_19_1": 0.0, "2_PARISI_19_1": 0.0, "3_0.15\u20ac_19_1": 0.4, "4_Details:_19_1": 0.0, "5_compte_19_1": 0.0, "6_votre_19_1": 0.0, "7_fidelite_19_1": 0.0, "8_Carrefour._19_1": 0.0, "9_cumule_19_1": 0.0, "10_vous_19_1": 0.25, "11_auriez_19_1": 0.0, "12_0.15\u20ac_19_1": 0.4, "13_sur_19_1": 0.0, "14_la_19_1": 0.0, "15_fidelite,_19_1": 0.0, "16_aviez_19_1": 0.0, "17_carte_19_1": 0.0, "18_CB_19_1": 0.5, "19_EMV_19_1": 0.0, "20_SANS_19_1": 0.0, "21_CONTACT_19_1": 0.0, "22_EUR_19_1": 0.0, "23_2.90\u20ac_19_1": 0.4, "24_(S)_19_1": 1.0, "25_ALTICLE_19_1": 0.14285714285714285, "26_TOTAL_19_1": 0.0, "27_A_19_1": 1.0, "28_PAYER_19_1": 0.0, "29_2.90\u20ac_19_1": 0.4, "30_250G_19_1": 0.25, "31_ALADE_19_1": 0.2, "32_PARISI_19_1": 0.3333333333333333, "33_2.90\u20ac_19_1": 0.4, "0_ _receipt_00684_0": 2.0, "0_45,000_receipt_00680_0": 0.3333333333333333, "1_Nasi_receipt_00680_0": 0.75, "2_5_receipt_00680_0": 1.0, "3_Putih_receipt_00680_0": 1.0, "4_230,000_receipt_00680_0": 0.5714285714285714, "5_Buruno_receipt_00680_0": 0.6666666666666666, "6_Gr_receipt_00680_0": 1.0, "7_5_receipt_00680_0": 1.0, "8_IN_receipt_00680_0": 1.0, "9_20,000_receipt_00680_0": 1.0, "10_Tea-Jasmine_receipt_00680_0": 1.0, "11_Chinese_receipt_00680_0": 1.2857142857142858, "12_2_receipt_00680_0": 1.0, "13_Sdg_receipt_00680_0": 1.0, "14_162,000_receipt_00680_0": 1.0, "15_Udang_receipt_00680_0": 1.0, "16_(M_receipt_00680_0": 1.0, "17_Mentega_receipt_00680_0": 0.5714285714285714, "18_1_receipt_00680_0": 3.0, "19_Compliment_receipt_00680_0": 0.7, "20_Fruit_receipt_00680_0": 1.0, "21_1_receipt_00680_0": 1.0, "0_QTE_236_0": 0.3333333333333333, "1_DESCRIPTION_236_0": 0.0, "2_MONTANT_236_0": 0.0, "3_Gargot_236_0": 0.0, "4_Aytre._236_0": 0.16666666666666666, "5_17440_236_0": 0.0, "6_Rue_236_0": 0.0, "7_Nicolas_236_0": 0.0, "8_9h_236_0": 0.5, "9_12h30_236_0": 0.0, "10_Dimanche_236_0": 0.0, "11_Lundi_236_0": 0.2, "12_au_236_0": 0.0, "13_Samedi_236_0": 0.0, "14_de_236_0": 0.0, "15_9h_236_0": 0.0, "16_a_236_0": 0.0, "17_20h00_236_0": 0.0, "18_:_236_0": 1.0, "19_Tel_236_0": 0.0, "20_0546457320_236_0": 0.0, "21_Carrefour_236_0": 0.0, "22_market_236_0": 0.0, "23_AYTRE_236_0": 0.0, "0_votre_228_3": 0.0, "1_visite_228_3": 0.0, "2_remercie_228_3": 0.0, "3_de_228_3": 0.0, "4_Vous_228_3": 0.0, "5_CARREFOUR_228_3": 0.0, "6_AYTRE_228_3": 0.0, "7_MARKET_228_3": 0.0, "8_20/01/2016_228_3": 0.0, "9_18:06:41_228_3": 0.125, "10_007_228_3": 1.0, "11_000151_228_3": 0.0, "12_0119_228_3": 1.0, "13_BANCAIRE_228_3": 0.0, "14_EMV_228_3": 0.0, "15_EUR_228_3": 0.0, "16_58.47\u20ac_228_3": 0.3333333333333333, "17_CARTE_228_3": 0.0, "18_58.47\u20ac_228_3": 0.3333333333333333, "19_ARTICLE(S)_228_3": 0.0, "20_TOTAL_228_3": 0.0, "21_A_228_3": 1.0, "22_PAYER_228_3": 0.0, "23_31_228_3": 1.0, "24_/_228_3": 1.0, "25_/_228_3": 1.0, "26_TOTAL_228_3": 0.0, "27_BEAUTE_228_3": 0.0, "28_SANTE_228_3": 0.0, "29_HYGIENE_228_3": 0.8571428571428571, "30_4.91\u20ac_228_3": 0.4, "31_MOUCHOIRS_228_3": 0.0, "32_ETUI_228_3": 0.5, "33_X6_228_3": 0.5, "34_0.87\u20ac_228_3": 0.4, "35_50ML_228_3": 0.25, "36_DEO_228_3": 0.3333333333333333, "37_BIL.NAT.P_228_3": 0.0, "38_4.04\u20ac_228_3": 0.4, "0_:_5_0": 1.0, "1_Tel_5_0": 0.0, "2_ROCHELLE_5_0": 0.0, "3_LA_5_0": 0.0, "4_17000_5_0": 0.0, "5_SCIERIE_5_0": 0.0, "6_LA_5_0": 0.0, "7_RUE_5_0": 0.0, "8_DE_5_0": 0.0, "9_33_5_0": 1.0, "10_ROCHELLE_5_0": 0.0, "11_CRF-CITY_5_0": 0.125, "12_LA_5_0": 0.0, "0_ _receipt_00398_0": 2.0, "0_Keep_X51005444044_1": 0.0, "1_applicable_X51005444044_1": 0.0, "2_the_X51005444044_1": 0.0, "3_invoice_X51005444044_1": 0.0, "4_for_X51005444044_1": 0.0, "5_returns_X51005444044_1": 0.0, "6_3gain_X51005444044_1": 0.4, "7_You._X51005444044_1": 0.0, "8_come_X51005444044_1": 0.25, "9_Thank_X51005444044_1": 0.0, "10_Please_X51005444044_1": 0.0, "11_6%._X51005444044_1": 1.0, "12_s=_X51005444044_1": 0.5, "13_5.05_X51005444044_1": 0.25, "14_.30_X51005444044_1": 0.0, "15_Summary_X51005444044_1": 0.0, "16_GST_X51005444044_1": 1.0, "17_Amount_X51005444044_1": 0.0, "18_(RM)_X51005444044_1": 0.25, "19_Tax(RM)_X51005444044_1": 0.2857142857142857, "20_CHANGE_X51005444044_1": 0.0, "21_.65_X51005444044_1": 0.3333333333333333, "22_RM_X51005444044_1": 1.0, "23_CASH_X51005444044_1": 0.0, "24_RM_X51005444044_1": 1.5, "25_6.00_X51005444044_1": 0.25, "26_Total_X51005444044_1": 0.0, "27_Sales_X51005444044_1": 0.0, "28_(Inclusive_X51005444044_1": 0.0, "29_GST)_X51005444044_1": 0.25, "30_5.35_X51005444044_1": 0.25, "31_RM_X51005444044_1": 0.0, "32_104_X51005444044_1": 0.0, "33_SUNQUICK_X51005444044_1": 0.125, "34_330ML_X51005444044_1": 0.0, "35_RM5.35_X51005444044_1": 0.16666666666666666, "36_OREN_X51005444044_1": 0.0, "37_s_X51005444044_1": 1.0, "38_02:27PM_X51005444044_1": 0.2857142857142857, "39_10-03-18_X51005444044_1": 0.0, "40_570285_X51005444044_1": 0.0, "0_*SALAM:_82_1": 0.2857142857142857, "1_DANOIS_82_1": 0.16666666666666666, "2_200G_82_1": 0.25, "3_0.94\u20ac_82_1": 0.4, "4_*RACLEITES_82_1": 0.1, "5_TRANCHES_82_1": 0.0, "6_2x_82_1": 0.5, "7_8.28\u20ac_82_1": 0.4, "8_4.14_82_1": 0.0, "9_*PUR_82_1": 0.25, "10_JIS_82_1": 0.6666666666666666, "11_ORANGE_82_1": 0.0, "12_CRF_82_1": 0.3333333333333333, "13_2x_82_1": 1.0, "14_1.59_82_1": 0.25, "15_3.18\u20ac_82_1": 0.4, "16_*POIVRI_82_1": 0.42857142857142855, "17_NS_82_1": 0.5, "18_0.99\u20ac_82_1": 0.4, "19_*PDT_82_1": 0.25, "20_2.5KG_82_1": 0.2, "21_2x_82_1": 0.5, "22_3.30_82_1": 0.0, "23_7.80\u20ac_82_1": 0.4, "24_0.400kg_82_1": 0.14285714285714285, "25_x_82_1": 0.0, "26_0.95\u20ac/kg_82_1": 0.125, "27_*0IGNO_82_1": 0.6666666666666666, "28_JAUNE_82_1": 0.4, "29_0.38\u20ac_82_1": 0.4, "30_*JBON_82_1": 0.0, "31_TALIEN_82_1": 0.16666666666666666, "32_6T_82_1": 0.5, "33_CF_82_1": 0.0, "34_2.03\u20ac_82_1": 0.4, "35_*CHAMP_82_1": 0.3333333333333333, "36_GNON_82_1": 0.5, "37_BQ_82_1": 0.5, "38_250G_82_1": 0.25, "39_2x_82_1": 1.0, "40_0.99_82_1": 0.25, "41_1.98\u20ac_82_1": 0.4, "42_4.25\u20ac_82_1": 0.4, "43_*926_82_1": 0.5, "44_F_82_1": 0.0, "45_NE_82_1": 0.5, "46_TR_82_1": 1.0, "47_FILET_82_1": 0.0, "48_2.00\u20ac_82_1": 0.4, "49_BOY_82_1": 0.6666666666666666, "50_*6T_82_1": 0.6666666666666666, "51_PARIS_82_1": 0.2, "52_ETOUF_82_1": 0.0, "53_3.53\u20ac_82_1": 0.4, "54_*400G_82_1": 0.4, "55_FACLET_82_1": 0.0, "56_CRO_82_1": 0.3333333333333333, "57_SS_82_1": 1.0, "58_2x_82_1": 0.5, "59_2.56_82_1": 0.25, "60_5.12\u20ac_82_1": 0.4, "61_*2856_82_1": 0.0, "62_ROWNIES_82_1": 0.14285714285714285, "63_PEPI_82_1": 0.25, "64_2x_82_1": 0.5, "65_2.36_82_1": 0.0, "66_4.72\u20ac_82_1": 0.6, "0_ _receipt_00164_0": 2.0, "0_beguey_740_0": 0.0, "1_route_740_0": 0.0, "2_de_740_0": 0.0, "3_l'oeuille_740_0": 0.1111111111111111, "4_33410_740_0": 0.0, "0_Visit_X51005230616_2": 0.0, "1_your_X51005230616_2": 0.0, "2_feedback!_X51005230616_2": 0.0, "3_to_X51005230616_2": 0.5, "4_hear_X51005230616_2": 0.0, "5_love_X51005230616_2": 0.0, "6_2.20_X51005230616_2": 0.0, "7_INCLUDES_X51005230616_2": 0.0, "8_6%_X51005230616_2": 0.0, "9_GST_X51005230616_2": 0.0, "10_TOTAL_X51005230616_2": 0.0, "11_Change_X51005230616_2": 0.0, "12_11.10_X51005230616_2": 0.0, "13_50.00_X51005230616_2": 0.0, "14_Tendered_X51005230616_2": 0.0, "15_Cash_X51005230616_2": 0.0, "16_Total_X51005230616_2": 0.0, "17_38.90_X51005230616_2": 0.0, "18_Rounded_X51005230616_2": 0.0, "19_(incl_X51005230616_2": 0.2, "20_GST)_X51005230616_2": 0.0, "21_38.90_X51005230616_2": 0.0, "22_Total_X51005230616_2": 0.0, "23_TakeOut_X51005230616_2": 0.0, "24_Cone_X51005230616_2": 0.0, "25_1.00_X51005230616_2": 0.0, "26_Small_X51005230616_2": 0.0, "27_Fries_X51005230616_2": 0.0, "28_1_X51005230616_2": 0.0, "0_DESCR_6_0": 0.2, "1_PTION_6_0": 0.2, "2_QTE_6_0": 1.0, "3_KONTANT_6_0": 0.2857142857142857, "4_Tel_6_0": 0.0, "5_17000_6_0": 0.0, "6_LA_6_0": 0.5, "7_ROCHELLE_6_0": 0.0, "8_33_6_0": 1.0, "9_RUE_6_0": 0.0, "10_DE_6_0": 0.0, "11_LA_6_0": 0.0, "12_SCIERIE_6_0": 0.0, "13_CRF-CITY_6_0": 0.0, "14_LA_6_0": 0.5, "15_ROCHELLE_6_0": 0.0, "0_par_718_1": 0.0, "1_9,27_718_1": 1.0, "2_EUR_718_1": 0.0, "3_Paiement_718_1": 0.0, "4_Carte_718_1": 0.0, "5_bancaire_718_1": 0.0, "6_0,48_718_1": 0.25, "7_8,79_718_1": 0.25, "8_Taux_718_1": 0.0, "9_reduit_718_1": 0.0, "10_sur_718_1": 0.0, "11_9,27_718_1": 0.25, "12_Net_718_1": 0.0, "13_TTC:_718_1": 0.75, "14_0,48_718_1": 0.25, "15_Total_718_1": 0.0, "16_TVA:_718_1": 0.0, "17_8,79_718_1": 0.0, "18_Total_718_1": 0.0, "19_HT:_718_1": 0.0, "20_Qte:_718_1": 0.25, "21_9,27_718_1": 0.25, "22_1_718_1": 0.0, "23_EUR_718_1": 0.0, "24_9,27_718_1": 0.75, "25_POISSONNERIE_718_1": 0.16666666666666666, "26_PESEE_718_1": 0.0, "27_EUR_718_1": 0.0, "28_jour_718_1": 0.0, "29_Bon_718_1": 0.0, "30_Clients_718_1": 0.0, "31_caisse_718_1": 0.0, "32_Tel:_718_1": 0.0, "33_05_718_1": 0.0, "34_46_718_1": 0.0, "35_28_718_1": 0.0, "36_18_718_1": 0.0, "37_18_718_1": 0.0, "0_MERCI_360_1": 0.0, "1_DE_360_1": 0.0, "2_VOTRE_360_1": 0.0, "3_VISITE_360_1": 0.0, "4_26/06/2017_360_1": 0.0, "5_08:05:19_360_1": 0.0, "6_0006_360_1": 0.25, "7_002_360_1": 0.0, "8_000051_360_1": 0.0, "9_Votre_360_1": 0.0, "10_Monnaie_360_1": 0.0, "11_-0.84\u20ac_360_1": 0.16666666666666666, "12_EUR_360_1": 0.0, "13_3.00\u20ac_360_1": 0.4, "14_ESPECES_360_1": 0.0, "15_1_360_1": 0.0, "16_2.16\u20ac_360_1": 0.0, "17_(S)_360_1": 1.0, "18_A_360_1": 0.0, "19_PAYER_360_1": 0.0, "20_ARTICLE_360_1": 0.0, "21_TOTAL_360_1": 0.8, "22_TRANCHEE_360_1": 0.0, "23_2.16\u20ac_360_1": 0.4, "24_*BRIOCHE_360_1": 0.125, "25_QTE_360_1": 0.0, "26_MONTANT_360_1": 0.2857142857142857, "27_DESCRIPTION_360_1": 0.0, "0_34,000_receipt_00170_0": 0.0, "1_SUB TOTAL_receipt_00170_0": 0.0, "2_34,000_receipt_00170_0": 0.0, "3_17,000_receipt_00170_0": 0.0, "4_2_receipt_00170_0": 0.0, "5_CHEESE_receipt_00170_0": 0.0, "6_TRIPPLE_receipt_00170_0": 0.0, "0_ _receipt_00677_0": 3.0, "0_BIENTOT_113_2": 0.0, "0_3.20_657_0": 1.0, "1_BOUNTY_657_0": 0.0, "2_X-CREAM_657_0": 0.14285714285714285, "3_PLACE_657_0": 0.0, "4_SUR_657_0": 0.0, "5_00010_657_0": 0.0, "6_808_657_0": 0.0, "7_944_657_0": 0.0, "8_110_657_0": 0.6666666666666666, "9_SIRET:_657_0": 0.3333333333333333, "10_ROCHELLE_657_0": 0.0, "11_17000_657_0": 0.0, "12_LA_657_0": 1.0, "13_LES_657_0": 0.3333333333333333, "14_MINIMES_657_0": 0.42857142857142855, "15_BECQUEREL_657_0": 0.7777777777777778, "16_HENRI_657_0": 0.2, "17_AVENUE_657_0": 0.0, "18_24111_657_0": 1.0, "19_KING_657_0": 0.0, "20_BURGER_657_0": 0.0, "0_MERCI_121_1": 0.0, "1_DE_121_1": 0.0, "2_VOTRE_121_1": 0.0, "3_VISITE_121_1": 0.0, "4_003_121_1": 0.0, "5_0008_121_1": 0.25, "6_000027_121_1": 0.16666666666666666, "7_29/08/2016_121_1": 0.2, "8_11:53:18_121_1": 0.0, "9_CB_121_1": 0.0, "10_EMV_121_1": 0.3333333333333333, "11_EUR_121_1": 0.0, "12_SANS_121_1": 0.0, "13_CONTACT_121_1": 0.0, "14_6.11\u20ac_121_1": 0.4, "15_AITICLE(S)_121_1": 0.0, "16_3_121_1": 0.0, "17_TOTAL_121_1": 0.0, "18_A_121_1": 0.0, "19_PAYER_121_1": 0.0, "20_6.11\u20ac_121_1": 0.4, "21_SDU_121_1": 0.6666666666666666, "22_TEI_121_1": 0.6666666666666666, "23_JBN_121_1": 1.0, "24_CHEDDA_121_1": 0.16666666666666666, "25_1.74\u20ac_121_1": 0.4, "26_0.640kg_121_1": 0.0, "27_x_121_1": 0.0, "28_2.50\u20ac/kg_121_1": 0.125, "29_GROSSE_121_1": 0.0, "30_POMME_121_1": 0.4, "31_GOLDEN_121_1": 0.16666666666666666, "32_1.60\u20ac_121_1": 0.4, "33_180G_121_1": 0.25, "34_(UINOA_121_1": 0.16666666666666666, "35_BOULG_121_1": 0.2, "36_2.77\u20ac_121_1": 0.4, "0_revoir_663_1": 0.0, "1_votre_663_1": 0.0, "2_Merci_663_1": 0.0, "3_de_663_1": 0.0, "4_visite_663_1": 0.0, "5_et_663_1": 0.0, "6_au_663_1": 0.0, "7_servicecl_663_1": 0.0, "8_ienteareas.com_663_1": 0.14285714285714285, "9_remarques_663_1": 0.0, "10_part_663_1": 0.0, "11_Faites-nous_663_1": 0.09090909090909091, "12_de_663_1": 0.0, "13_vos_663_1": 0.0, "14_a_663_1": 1.0, "15_exprimes_663_1": 0.25, "16_ant_663_1": 0.0, "17_en_663_1": 0.0, "18_euros_663_1": 0.0, "19_Mont_663_1": 0.25, "20_s_663_1": 1.0, "21_Cle_663_1": 0.0, "22_11-Serv.:_663_1": 0.0, "23_11-CAISSE_663_1": 0.1111111111111111, "24_3-NOTE_663_1": 0.0, "25_000118/1_663_1": 0.25, "26_MARDI_663_1": 0.4, "27_30-05-2017_663_1": 0.0, "28_09:23:19_663_1": 0.0, "29_(A_663_1": 1.0, "30_EMPORTER)_663_1": 0.0, "31_PASSAGE_663_1": 0.0, "32_)_663_1": 1.0, "33_RENDU_663_1": 0.0, "34_ESPECES_663_1": 0.0, "35_20.70_663_1": 0.0, "36_10.00_663_1": 0.0, "37_5.18_663_1": 0.0, "38_0.52_663_1": 0.0, "39_5.70_663_1": 0.25, "40_TUA_663_1": 0.3333333333333333, "41_%_663_1": 1.0, "42_HT_663_1": 0.5, "43_TVA_663_1": 0.6666666666666666, "44_TTC_663_1": 0.6666666666666666, "0_16,000_receipt_00565_0": 0.0, "1_PIZZA_receipt_00565_0": 0.0, "2_BREAD_receipt_00565_0": 0.0, "3_NOIR_receipt_00565_0": 0.0, "4_1_receipt_00565_0": 2.0, "5_12,000_receipt_00565_0": 0.0, "6_PASTRY_receipt_00565_0": 0.16666666666666666, "7_CUSTARD_receipt_00565_0": 0.14285714285714285, "8_1_receipt_00565_0": 2.0, "9_CHOCO_receipt_00565_0": 1.2, "0_27,000_receipt_00169_1": 0.3333333333333333, "1_CHANGE DUE_receipt_00169_1": 0.0, "2_50,000_receipt_00169_1": 0.5, "3_CASHIDR_receipt_00169_1": 0.2857142857142857, "4_23,000_receipt_00169_1": 0.6666666666666666, "5_GRAND TOTAL_receipt_00169_1": 0.18181818181818182, "6_23,000_receipt_00169_1": 0.16666666666666666, "7_SUB TOTAL_receipt_00169_1": 0.1111111111111111, "8_0_receipt_00169_1": 0.0, "0_echange_484_1": 0.0, "1_repris_484_1": 0.0, "2_ni_484_1": 0.0, "3_Slde_484_1": 0.0, "4_ni_484_1": 0.0, "5_04/06/2017_484_1": 0.0, "6_19:14:14_484_1": 0.0, "7_0110_484_1": 0.0, "8_011_484_1": 1.0, "9_000319_484_1": 0.0, "10_23.70\u20ac_484_1": 0.3333333333333333, "11_BANCAIRE_484_1": 0.0, "12_EMV_484_1": 0.3333333333333333, "13_EUR_484_1": 0.0, "14_CARTE_484_1": 0.0, "15_6_484_1": 0.0, "16_A,_484_1": 1.0, "17_23.70\u20ac_484_1": 0.3333333333333333, "18_(S)_484_1": 0.6666666666666666, "19_TOTAL_484_1": 0.0, "20_PAYER_484_1": 0.0, "21_ARTICLE_484_1": 0.0, "22_23.70\u20ac_484_1": 0.3333333333333333, "23_ALINENTAIRE_484_1": 0.09090909090909091, "24_TOTAL_484_1": 0.0, "25_11.80\u20ac_484_1": 0.3333333333333333, "26_2x_484_1": 0.5, "27_5.90_484_1": 0.0, "28_SACHET_484_1": 0.0, "29_FLEUR_484_1": 0.0, "30_SEL_484_1": 0.0, "31_*PET_484_1": 0.0, "32_1L_484_1": 0.5, "33_PJ_484_1": 0.0, "34_ORANGE_484_1": 0.16666666666666666, "35_*EMPRESURE_484_1": 0.1, "36_CH0COLAT_484_1": 0.125, "37_1.66\u20ac_484_1": 0.4, "38_BS_484_1": 0.0, "39_5.23\u20ac_484_1": 0.4, "40_RDE_484_1": 0.0, "41_CARAMEL_484_1": 0.14285714285714285, "42_BTE_484_1": 0.0, "43_3.16\u20ac_484_1": 0.4, "44_BTE_484_1": 0.0, "45_CARREE_484_1": 0.0, "46_CARAMEL_484_1": 0.0, "0_BIENTOT_4_2": 0.0, "1_MERCI_4_2": 0.0, "2_DE_4_2": 0.0, "3_VOTRE_4_2": 0.0, "4_VISITE_4_2": 0.0, "5_To0122_4_2": 0.3333333333333333, "6_27/02/2017_4_2": 0.1, "7_12:24:45_4_2": 0.0, "8_0006_4_2": 0.25, "9_004_4_2": 1.0, "10_produits_4_2": 0.0, "11_Remise_4_2": 0.0, "12_fide_4_2": 0.0, "13_0.30\u20ac_4_2": 0.4, "0_(MLY)_receipt_00620_0": 0.4, "1_1_receipt_00620_0": 1.0, "2_Nasi_receipt_00620_0": 0.0, "3_6.000_receipt_00620_0": 0.0, "0_1001-Choco_receipt_00217_0": 0.9, "1_Bun_receipt_00217_0": 1.0, "0_Ticket_719_0": 0.0, "1_01/04/2017_719_0": 0.0, "2_521784_719_0": 0.0, "3_Du_719_0": 0.0, "4_@_719_0": 0.0, "5_10:31_719_0": 0.0, "6_17139_719_0": 0.0, "0_0004_288_1": 0.0, "1_004_288_1": 0.0, "2_30/01/2017_288_1": 0.0, "3_000136_288_1": 0.16666666666666666, "4_12:55:11_288_1": 0.0, "5_CB_288_1": 0.0, "6_EMV_288_1": 0.0, "7_SANS_288_1": 0.0, "8_CONTACT_288_1": 0.0, "9_EUR_288_1": 0.0, "10_7.90\u20ac_288_1": 0.4, "11_4_288_1": 0.0, "12_(S)_288_1": 1.0, "13_ARTICLE_288_1": 0.0, "14_TOTAL_288_1": 0.0, "15_A_288_1": 0.0, "16_PAYER_288_1": 0.0, "17_7.90\u20ac_288_1": 0.4, "18_*EAU_288_1": 0.5, "19_CRISTALINE_288_1": 0.1, "20_X6_288_1": 0.0, "21_1.20\u20ac_288_1": 0.4, "22_0.630kg_288_1": 0.14285714285714285, "23_2.80\u20ac/kg_288_1": 0.125, "24_x_288_1": 0.0, "25_*CLEMENTINE_288_1": 0.09090909090909091, "26_1.76\u20ac_288_1": 0.4, "27_*CAROTTE_288_1": 0.25, "28_RAPE_288_1": 0.0, "29_BIO_288_1": 0.0, "30_1.60\u20ac_288_1": 0.4, "31_SALE_288_1": 0.0, "32_*350G_288_1": 0.4, "33_PT_288_1": 0.0, "34_LENT._288_1": 0.0, "35_3.34\u20ac_288_1": 0.4, "0_EUR_254_1": 0.0, "1_BANCAIRE_254_1": 0.0, "2_EMV_254_1": 0.0, "3_14.086_254_1": 0.3333333333333333, "4_CARTE_254_1": 0.0, "5_14.08\u20ac_254_1": 0.3333333333333333, "6_ARTICLE(S)_254_1": 0.0, "7_TOTAL_254_1": 0.0, "8_A_254_1": 0.0, "9_PAYER_254_1": 0.0, "10_/_254_1": 0.0, "11_/_254_1": 0.0, "12_4.10\u20ac_254_1": 0.4, "13_TOTAL_254_1": 0.0, "14_BEAUTE_254_1": 0.0, "15_SANTE_254_1": 0.0, "16_HYGIENE_254_1": 0.42857142857142855, "17_4.10\u20ac_254_1": 0.4, "18_BANDE_254_1": 0.0, "19_MERCUR._254_1": 0.14285714285714285, "20_9.98\u20ac_254_1": 0.4, "21_TOTAL_254_1": 0.0, "22_ALIMENTAIRE_254_1": 0.18181818181818182, "23_*SALADE_254_1": 0.0, "24_4.82\u20ac_254_1": 0.4, "25_VENEZTA_254_1": 0.8571428571428571, "26_SUEDOI.JB/CHEVR_254_1": 0.13333333333333333, "27_2.20\u20ac_254_1": 0.4, "28_*LE_254_1": 0.0, "29_*CRISTALINE_254_1": 0.0, "30_1.5L_254_1": 0.0, "31_0.18\u20ac_254_1": 0.4, "32_POMME_254_1": 0.4, "33_X2_254_1": 0.5, "34_1.70\u20ac_254_1": 0.4, "35_*CHAUSSON_254_1": 0.0, "36_MELANGE_254_1": 0.14285714285714285, "37_EXOT._254_1": 0.0, "38_1.08\u20ac_254_1": 0.4, "39_110G_254_1": 0.25, "0_53,020_receipt_00149_1": 1.0, "1_OFFLINE_receipt_00149_1": 1.0, "2_EFT:_receipt_00149_1": 1.0, "3_MEGA_receipt_00149_1": 1.0, "4_53,020_receipt_00149_1": 1.0, "5_TOTAL:_receipt_00149_1": 1.0, "6_53,020_receipt_00149_1": 1.0, "7_SUBTOTAL:_receipt_00149_1": 0.7777777777777778, "8_581-_receipt_00149_1": 0.0, "9_Discount_receipt_00149_1": 0.0, "10_MEGA_receipt_00149_1": 1.0, "11_5,811_receipt_00149_1": 0.0, "12_SEREH_receipt_00149_1": 0.0, "13_DAUN_receipt_00149_1": 0.25, "14_0,292X_receipt_00149_1": 0.5, "15_19,900_receipt_00149_1": 0.8333333333333334, "16_790-_receipt_00149_1": 0.75, "17_Discount_receipt_00149_1": 0.0, "18_MEGA_receipt_00149_1": 1.0, "19_1,400 -_receipt_00149_1": 0.14285714285714285, "20_Discount_receipt_00149_1": 0.0, "21_9,300_receipt_00149_1": 0.0, "22_SBL135_receipt_00149_1": 0.5, "23_DUA_receipt_00149_1": 0.3333333333333333, "24_BELIBIS_receipt_00149_1": 0.0, "25_1X_receipt_00149_1": 1.5, "26_9,300_receipt_00149_1": 0.2, "27_640-_receipt_00149_1": 0.25, "28_MEGA_receipt_00149_1": 1.0, "29_Discount_receipt_00149_1": 0.0, "30_6,400_receipt_00149_1": 0.2, "31_SAKATONIK_receipt_00149_1": 0.0, "32_LVR_receipt_00149_1": 0.3333333333333333, "33_10S_receipt_00149_1": 0.3333333333333333, "34_1X_receipt_00149_1": 1.0, "35_6,400_receipt_00149_1": 0.0, "36_MEGA_receipt_00149_1": 1.0, "37_Discount_receipt_00149_1": 0.0, "38_600-_receipt_00149_1": 0.25, "39_6,000_receipt_00149_1": 0.0, "40_7_receipt_00149_1": 1.0, "41_UP_receipt_00149_1": 1.0, "42_CAN_receipt_00149_1": 0.0, "43_330_receipt_00149_1": 0.0, "44_ML_receipt_00149_1": 1.0, "45_1X_receipt_00149_1": 1.0, "46_6,000_receipt_00149_1": 0.4, "47_Discount_receipt_00149_1": 0.0, "48_1,220-_receipt_00149_1": 0.5, "49_MEGA_receipt_00149_1": 0.5, "50_12,200_receipt_00149_1": 0.0, "51_REGAL_receipt_00149_1": 0.0, "52_MARIE_receipt_00149_1": 0.0, "53_125_receipt_00149_1": 0.3333333333333333, "54_GR_receipt_00149_1": 1.0, "55_1X_receipt_00149_1": 1.0, "56_12,200_receipt_00149_1": 0.16666666666666666, "57_1,260-_receipt_00149_1": 0.6666666666666666, "58_MEGA Discount_receipt_00149_1": 0.23076923076923078, "59_1,400 -_receipt_00149_1": 1.0, "60_Discount_receipt_00149_1": 0.875, "61_14,000_receipt_00149_1": 1.0, "62_BENECOL_receipt_00149_1": 1.0, "63_LYCHEE_receipt_00149_1": 1.0, "64_2S_receipt_00149_1": 1.0, "65_1X_receipt_00149_1": 1.0, "66_14,000_receipt_00149_1": 1.0, "67_800-_receipt_00149_1": 1.0, "68_MEGA_receipt_00149_1": 1.0, "69_Discount_receipt_00149_1": 0.875, "70_8,000_receipt_00149_1": 1.0, "71_8,000_receipt_00149_1": 1.0, "72_1X_receipt_00149_1": 1.0, "0_Egg_receipt_00132_0": 0.0, "1_Avenger60gr_receipt_00132_0": 0.9090909090909091, "2_ZAI.Milk_receipt_00132_0": 0.625, "3_Choco_receipt_00132_0": 0.4, "0_ _receipt_00396_0": 7.0, "0_Customer_receipt_00129_1": 0.25, "1_Rp 0.00_receipt_00129_1": 0.2857142857142857, "2_Change:_receipt_00129_1": 0.2857142857142857, "3_Rp 116000.00_receipt_00129_1": 0.4166666666666667, "4_Customer_receipt_00129_1": 0.25, "5_Paid_receipt_00129_1": 0.0, "6_Cash:_receipt_00129_1": 0.8, "7_Rp 116000.00_receipt_00129_1": 0.16666666666666666, "8_Total:_receipt_00129_1": 0.0, "9_Rp 116000.00_receipt_00129_1": 0.5833333333333334, "10_Subtotal:_receipt_00129_1": 0.1111111111111111, "11_PP_receipt_00129_1": 0.5, "12_Carrier_receipt_00129_1": 0.7142857142857143, "13_Box_receipt_00129_1": 0.0, "14_of_receipt_00129_1": 0.0, "15_4_receipt_00129_1": 0.0, "16_Rp 116000.00_receipt_00129_1": 0.3333333333333333, "17_*4_receipt_00129_1": 1.0, "18_Pcs_receipt_00129_1": 0.3333333333333333, "19_Cheese_receipt_00129_1": 0.0, "20_Tart_receipt_00129_1": 0.0, "0_A_556_2": 0.0, "1_BIENTOT_556_2": 0.0, "0_8,70\u20ac_715_0": 0.6, "1_8,70_715_0": 0.25, "2_1_715_0": 0.0, "3_X_715_0": 0.0, "4_RICE_715_0": 0.0, "5_DRINK_715_0": 0.0, "6_NATURE_715_0": 0.0, "7_X6_715_0": 0.5, "8_4,41\u20ac_715_0": 0.6, "9_4,41_715_0": 0.0, "10_FUSILLI_715_0": 0.2857142857142857, "11_SARRASIN_715_0": 0.125, "12_PRIX_715_0": 0.0, "13_PROMOTION_715_0": 0.0, "14_1,90\u20ac_715_0": 0.6, "15_1,90_715_0": 0.0, "16_1_715_0": 0.0, "17_X_715_0": 0.0, "18_LAIT_715_0": 0.25, "19_AMANDE_715_0": 0.0, "20_CHOCO_715_0": 0.0, "21_MINI_715_0": 0.25, "22_:_715_0": 1.0, "23_Vendeur_715_0": 0.0, "24_GUILLAUME_715_0": 0.0, "25_DESIGNATION_715_0": 0.0, "26_MONTANT_715_0": 0.0, "27_\u20ac_715_0": 1.0, "28_:_715_0": 1.0, "29_MARDI_715_0": 0.0, "30_AU_715_0": 0.0, "31_SAMEDI_715_0": 0.16666666666666666, "32_9H00-19H00_715_0": 0.3, "33_LUNDI_715_0": 0.0, "34_DE_715_0": 0.0, "35_14HO0_715_0": 0.2, "36_A_715_0": 0.0, "37_19H00_715_0": 0.4, "0_1_receipt_00513_0": 1.0, "1_WOOSAM_receipt_00513_0": 0.0, "2_RICE_receipt_00513_0": 0.0, "3_R_receipt_00513_0": 0.0, "4_33,636_receipt_00513_0": 0.16666666666666666, "0_ZR/OS/EZ_X51005301666_3": 0.125, "1_0.00_X51005301666_3": 0.25, "2_0.00_X51005301666_3": 0.25, "3_6%_X51005301666_3": 0.0, "4_263.02_X51005301666_3": 0.0, "5_15._X51005301666_3": 0.3333333333333333, "6_78_X51005301666_3": 0.0, "7_GST_X51005301666_3": 0.0, "8_Summary_X51005301666_3": 0.0, "9_Amount_X51005301666_3": 0.0, "10_(RM)_X51005301666_3": 0.0, "11_Tax_X51005301666_3": 0.0, "12_(RM)_X51005301666_3": 0.0, "13_BANK_X51005301666_3": 0.0, "14_ACC_X51005301666_3": 0.6666666666666666, "15_AMBANK_X51005301666_3": 0.0, "16_888_X51005301666_3": 0.0, "17_100_X51005301666_3": 0.0, "18_123_X51005301666_3": 0.0, "19_3706_X51005301666_3": 0.0, "20_BANK_X51005301666_3": 0.0, "21_ACC_X51005301666_3": 0.6666666666666666, "22_MBB_X51005301666_3": 0.3333333333333333, "23_5626_X51005301666_3": 0.0, "24_4732_X51005301666_3": 0.0, "25_1744_X51005301666_3": 0.0, "26_BANK_X51005301666_3": 0.0, "27_ACC_X51005301666_3": 0.6666666666666666, "28_MBB_X51005301666_3": 0.0, "29_5128_X51005301666_3": 0.0, "30_4851_X51005301666_3": 0.0, "31_2118_X51005301666_3": 0.0, "32_Goods_X51005301666_3": 0.0, "33_Sold_X51005301666_3": 0.0, "34_refundable,_X51005301666_3": 0.0, "35_are_X51005301666_3": 0.0, "36_not_X51005301666_3": 0.0, "37_returnable_X51005301666_3": 0.0, "38_Thank_X51005301666_3": 0.0, "39_Please_X51005301666_3": 0.0, "40_come_X51005301666_3": 0.0, "0_1_receipt_00040_0": 2.0, "1_Home_receipt_00040_0": 1.0, "2_Made_receipt_00040_0": 1.0, "3_Lemonade_receipt_00040_0": 0.625, "4_40,000_receipt_00040_0": 0.8333333333333334, "5_1_receipt_00040_0": 1.0, "6_BURGER_receipt_00040_0": 0.16666666666666666, "7_CHIC_receipt_00040_0": 1.0, "8_68,000_receipt_00040_0": 0.16666666666666666, "9_DECKER_receipt_00040_0": 0.6666666666666666, "0_:_544_0": 1.0, "1_Tel_544_0": 0.0, "2_ORLEANS_544_0": 0.0, "3_45000_544_0": 0.0, "4_1,_544_0": 1.0, "5_GRENIER_544_0": 0.0, "6_A_544_0": 0.0, "7_SEL_544_0": 0.0, "8_DU_544_0": 1.0, "9_RUE_544_0": 0.0, "10_CARREFOUR_544_0": 0.0, "11_ORLEANS_544_0": 0.0, "12_CITY_544_0": 0.0, "0_26,000_receipt_00766_1": 0.0, "1_CHANGE_receipt_00766_1": 0.0, "2_100,000_receipt_00766_1": 0.0, "3_CASH_receipt_00766_1": 0.75, "4_74,000_receipt_00766_1": 0.0, "5_TOTAL_receipt_00766_1": 0.0, "6_4_receipt_00766_1": 0.0, "7_CUSTARD_receipt_00766_1": 0.14285714285714285, "8_BRIOCHE_receipt_00766_1": 0.0, "9_36,000_receipt_00766_1": 0.0, "10_REAL_receipt_00766_1": 0.0, "11_HONEY_receipt_00766_1": 0.0, "12_PANCAKE_receipt_00766_1": 0.0, "13_BREAD_receipt_00766_1": 0.0, "14_20,000_receipt_00766_1": 0.0, "15_2_receipt_00766_1": 0.0, "16_[MD]_receipt_00766_1": 1.0, "17_SOFT_receipt_00766_1": 0.0, "18_MORNING_receipt_00766_1": 0.0, "19_ROLL_receipt_00766_1": 0.0, "20_18,000_receipt_00766_1": 0.0, "21_1_receipt_00766_1": 1.0, "0_A_272_2": 0.0, "1_BIENTOT_272_2": 0.0, "0_CONSO_241_1": 0.0, "1_2.19\u20ac_241_1": 0.4, "2_*PDT_241_1": 0.75, "3_UP_241_1": 1.0, "4_1.90\u20ac_241_1": 0.4, "5_*PASTIN_241_1": 0.0, "6_MULTICEREAL_241_1": 0.0, "7_1.52\u20ac_241_1": 0.4, "8_*ORANGE_241_1": 0.0, "9_FEUILLE_241_1": 0.7142857142857143, "10_2.15\u20ac_241_1": 0.4, "11_DU_241_1": 0.0, "12_SUD_241_1": 0.6666666666666666, "13_1L_241_1": 0.5, "14_*LEGUME_241_1": 0.0, "15_3.22\u20ac_241_1": 0.4, "16_KG_241_1": 0.5, "17_ESCALOP_241_1": 0.0, "18_DDE_241_1": 0.3333333333333333, "19_HAL_241_1": 0.0, "20_1.64\u20ac_241_1": 0.4, "21_KG_241_1": 1.0, "22_CUISSE_241_1": 0.0, "23_PLT_241_1": 0.0, "24_BLC_241_1": 0.3333333333333333, "25_1.51\u20ac_241_1": 0.4, "26_*FR.FRAIS_241_1": 0.1111111111111111, "27_ORMG_241_1": 1.0, "28_CRF_241_1": 1.0, "29_2.12\u20ac_241_1": 0.4, "30_2.01\u20ac_241_1": 0.2, "31_*BANANES_241_1": 0.0, "32_3.90\u20ac_241_1": 0.4, "33_*AMANDE_241_1": 0.14285714285714285, "34_EMONDE_241_1": 0.16666666666666666, "35_300G_241_1": 0.25, "36_4.47\u20ac_241_1": 1.0, "37_REGILAI_241_1": 0.42857142857142855, "38_*750G_241_1": 1.0, "39_0%_241_1": 0.5, "40_MG_241_1": 1.0, "41_1.95\u20ac_241_1": 0.4, "42_0g_241_1": 0.5, "43_LIT_241_1": 1.0, "44_*4X100G_241_1": 0.2857142857142857, "45_YOPA_241_1": 1.0, "46_2.01\u20ac_241_1": 0.4, "47_BICA.ALI_241_1": 0.0, "48_B.U_241_1": 0.0, "49_400G_241_1": 0.5, "50_2.97\u20ac_241_1": 0.2, "51_*2X1/4_241_1": 1.0, "52_THON_241_1": 1.0, "53_ALB.CRF_241_1": 0.0, "54_1.60\u20ac_241_1": 0.4, "55_BASMATI_241_1": 0.14285714285714285, "56_1KG_241_1": 0.6666666666666666, "57_RIZ_241_1": 1.0, "0_85,000_receipt_00036_0": 0.0, "1_1_receipt_00036_0": 1.0, "2_JJIGAE_receipt_00036_0": 0.3333333333333333, "3_DENJANG_receipt_00036_0": 0.0, "4_85,000_receipt_00036_0": 0.0, "5_HAEMUL_receipt_00036_0": 0.0, "6_1_receipt_00036_0": 1.0, "7_BO_receipt_00036_0": 0.0, "8_SSAM_receipt_00036_0": 0.25, "9_1_receipt_00036_0": 1.0, "10_320,000_receipt_00036_0": 0.0, "11_GONG_receipt_00036_0": 0.0, "12_GIBAB_receipt_00036_0": 0.0, "13_1_receipt_00036_0": 1.0, "14_20,000_receipt_00036_0": 0.0, "0_Vignette(s)_570_3": 0.0, "1_par_570_3": 0.0, "2_operation_570_3": 0.0, "3_Bravo_570_3": 0.0, "4_avez_570_3": 0.0, "5_cumule_570_3": 0.0, "6_vous_570_3": 0.0, "7_1.0_570_3": 0.0, "0_QTE_345_0": 1.0, "1_MONTANT_345_0": 0.42857142857142855, "2_DESCRIPTION_345_0": 0.0, "3_Tel_345_0": 0.0, "4_LA_345_0": 0.0, "5_ROCHELLE_345_0": 0.0, "6_17000_345_0": 0.0, "7_RUE_345_0": 0.0, "8_DE_345_0": 0.0, "9_LA_345_0": 0.0, "10_SCIERIE_345_0": 0.0, "11_33_345_0": 0.0, "12_CRF-CITY_345_0": 0.0, "13_LA_345_0": 1.0, "14_ROCHELLE_345_0": 0.0, "0_LOT_X51005230621_0": 0.6666666666666666, "1_13,_X51005230621_0": 0.0, "2_IPOH,_X51005230621_0": 0.0, "3_JALAN_X51005230621_0": 0.0, "4_SIN_X51005230621_0": 0.0, "5_LIANHAP_X51005230621_0": 0.0, "6_SDN_X51005230621_0": 0.0, "7_BHD_X51005230621_0": 0.3333333333333333, "8_13,_X51005230621_0": 0.3333333333333333, "9_JALAN_X51005230621_0": 0.0, "10_SIN_X51005230621_0": 0.0, "11_LIANHAP_X51005230621_0": 0.0, "12_SDN_X51005230621_0": 0.0, "13_BHD_X51005230621_0": 0.0, "0_J'OPTIMISME_204_3": 0.18181818181818182, "1_8.09.16_204_3": 0.0, "2_19:02_204_3": 0.0, "3_0045115_204_3": 0.0, "4_0037_204_3": 0.0, "5_415_204_3": 0.6666666666666666, "0_1_receipt_00729_1": 2.0, "1_Items,_receipt_00729_1": 0.5, "2_Cash_receipt_00729_1": 0.75, "3_7,000_receipt_00729_1": 1.0, "4_Total_receipt_00729_1": 1.0, "5_7,000_receipt_00729_1": 0.8, "6_P.Rest_receipt_00729_1": 0.5, "7_10_receipt_00729_1": 0.5, "8_:_receipt_00729_1": 3.0, "9_636_receipt_00729_1": 1.0, "10_Sub_receipt_00729_1": 1.0, "11_Total_receipt_00729_1": 0.2, "12_6,364_receipt_00729_1": 1.0, "0_ _receipt_00016_0": 4.0, "0_000137_448_1": 0.0, "1_15/03/2017_448_1": 0.0, "2_11:49:31_448_1": 0.0, "3_0001_448_1": 0.0, "4_004_448_1": 0.0, "5_5.80\u20ac_448_1": 0.4, "6_CONTACT_448_1": 0.0, "7_SANS_448_1": 0.0, "8_EUR_448_1": 0.0, "9_CB_448_1": 0.0, "10_EMV_448_1": 0.0, "11_5.80\u20ac_448_1": 0.4, "12_A_448_1": 0.0, "13_PAYER_448_1": 0.0, "14_ARTICLE_448_1": 0.0, "15_(S)_448_1": 0.3333333333333333, "16_TOTAL_448_1": 0.2, "17_4_448_1": 1.0, "18_2.50\u20ac_448_1": 0.4, "19_2.90\u20ac/kg_448_1": 0.125, "20_0.190kg_448_1": 0.0, "21_x_448_1": 2.0, "22_0.55\u20ac_448_1": 0.4, "23_GOLDEN_448_1": 0.0, "24_GROSSE_448_1": 0.0, "25_*POMME_448_1": 0.5, "26_1.60\u20ac_448_1": 0.4, "27_RAPE_448_1": 0.0, "28_BIO_448_1": 0.0, "29_*CAROTTE_448_1": 0.125, "30_1.15\u20ac_448_1": 0.4, "31_*BAGUETTE_448_1": 0.1111111111111111, "32_PERENE_448_1": 0.16666666666666666, "33_CERE_448_1": 0.0, "34_QTE_448_1": 1.0, "35_MONTANT_448_1": 0.14285714285714285, "36_DESCRIPTION_448_1": 0.0, "0_0.00_X00016469612_1": 0.0, "1_Cash_X00016469612_1": 0.0, "2_Rounded_X00016469612_1": 0.14285714285714285, "3_(RM):_X00016469612_1": 0.2, "4_Total_X00016469612_1": 0.0, "5_9.00_X00016469612_1": 0.25, "6_Adjustment:_X00016469612_1": 0.09090909090909091, "7_ding_X00016469612_1": 0.0, "8_Rour_X00016469612_1": 0.25, "9_0.00_X00016469612_1": 0.0, "10_Total_X00016469612_1": 0.0, "11_9.00_X00016469612_1": 0.5, "12_PC_X00016469612_1": 0.0, "13_0,00_X00016469612_1": 0.25, "14_9.00_X00016469612_1": 0.0, "15_9.000_X00016469612_1": 0.0, "16_KF_X00016469612_1": 0.0, "17_MODELLING_X00016469612_1": 0.0, "18_95569_X00016469612_1": 0.2, "19_390-40118_X00016469612_1": 0.3333333333333333, "20_KIDDY_X00016469612_1": 0.2, "21_FISH_X00016469612_1": 0.0, "22_QTY_X00016469612_1": 0.6666666666666666, "23_RM_X00016469612_1": 1.0, "24_RM_X00016469612_1": 0.0, "25_CODE/DESC_X00016469612_1": 0.0, "26_PRICE_X00016469612_1": 0.0, "27_Disc_X00016469612_1": 0.0, "28_AMOUNT_X00016469612_1": 0.3333333333333333, "29_BILL_X00016469612_1": 0.0, "30_CASH_X00016469612_1": 0.0, "31_Member:_X00016469612_1": 0.14285714285714285, "32_:_X00016469612_1": 1.0, "33_Cashier_X00016469612_1": 0.0, "34_MANIS_X00016469612_1": 0.0, "0_CHANGE_receipt_00095_1": 0.0, "1_DUE_receipt_00095_1": 0.0, "2_40,000_receipt_00095_1": 0.16666666666666666, "3_IDR_receipt_00095_1": 0.0, "4_CASH_receipt_00095_1": 0.25, "5_52,000_receipt_00095_1": 0.3333333333333333, "6_GRAND_receipt_00095_1": 0.0, "7_TOTAL_receipt_00095_1": 0.0, "8_12,000_receipt_00095_1": 0.0, "0_ _receipt_00633_0": 1.0, "0_44_215_3": 1.0, "1_ARTICLE_215_3": 0.0, "2_(S)_215_3": 0.3333333333333333, "3_TOTAL_215_3": 0.8, "4_REMISES_215_3": 0.7142857142857143, "5_AVANT_215_3": 0.2, "6_166.65\u20ac_215_3": 0.2857142857142857, "7_TOTAL_215_3": 0.0, "8_ALIMENTAIRE_215_3": 0.45454545454545453, "9_NON_215_3": 1.0, "10_9.60\u20ac_215_3": 0.4, "11_SAC_215_3": 0.0, "12_DE_215_3": 0.0, "13_CAISSE_215_3": 0.16666666666666666, "14_0.75\u20ac_215_3": 0.4, "15_8_215_3": 0.0, "16_FLUTES_215_3": 0.0, "17_A_215_3": 0.0, "18_CHAMPAG_215_3": 0.14285714285714285, "19_3x_215_3": 1.0, "20_2.95_215_3": 0.5, "21_8.85\u20ac_215_3": 0.4, "22_TOTAL_215_3": 0.0, "23_ALIMENTAIRE_215_3": 0.09090909090909091, "24_117.80\u20ac_215_3": 0.2857142857142857, "25_TUILE_215_3": 0.0, "26_SALEE_215_3": 0.8, "27_170G_215_3": 0.25, "28_1.20\u20ac_215_3": 0.4, "29_TRADITION_215_3": 0.0, "30_BISCUIT_215_3": 0.0, "31_3.05\u20ac_215_3": 0.4, "32_*TAPENADE_215_3": 0.2222222222222222, "33_NOIRE_215_3": 0.0, "34_2.37\u20ac_215_3": 0.4, "35_*SOUPE_215_3": 1.0, "36_DE_215_3": 0.0, "37_POISSON_215_3": 0.0, "38_C_215_3": 1.0, "39_3.90\u20ac_215_3": 0.4, "40_*SAUCISSE_215_3": 0.2222222222222222, "41_SECHE_215_3": 0.0, "42_1.30\u20ac_215_3": 0.4, "43_*RAYON_215_3": 0.0, "44_LEGU_215_3": 0.0, "45_FRUIT_215_3": 0.0, "46_&_215_3": 1.0, "47_0.99\u20ac_215_3": 0.4, "0_3,68_207_2": 0.75, "1_36_207_2": 0.5, "2_DOS._207_2": 0.75, "3_SENSEO_207_2": 0.16666666666666666, "4_DOUX_207_2": 0.25, "5_4_207_2": 1.0, "6_AMERICANO_207_2": 0.1111111111111111, "7_4,59_207_2": 1.0, "8_4_207_2": 1.0, "9_CAFE_207_2": 0.0, "10_2,62_207_2": 0.5, "11_C.COLA_207_2": 0.5, "12_LIGHT_207_2": 0.0, "13_4_207_2": 1.0, "14_X4_207_2": 1.0, "15_2,04_207_2": 0.25, "16_VITTEL_207_2": 0.0, "17_X675CL_207_2": 0.16666666666666666, "18_4_207_2": 1.0, "19_1,42_207_2": 0.25, "20_MINERALE_207_2": 0.0, "21_COURGETTE_207_2": 0.1111111111111111, "22_4,36_207_2": 0.5, "23_4_207_2": 1.0, "24_0,99_207_2": 0.25, "25_PCE_207_2": 0.0, "26_BROCOLI_207_2": 0.0, "27_FILME_207_2": 0.0, "28_4_207_2": 1.0, "29_2,50_207_2": 0.25, "30_4_207_2": 1.0, "31_NAVET_207_2": 0.0, "32_BOULE_207_2": 0.0, "33_OR_207_2": 0.5, "34_1,50_207_2": 0.25, "35_PCE_207_2": 0.0, "36_POIVRON_207_2": 0.0, "37_4_207_2": 1.0, "38_FLOU_207_2": 0.25, "39_2,95_207_2": 0.5, "40_4_207_2": 1.0, "41_AUBERG_207_2": 0.16666666666666666, "42_FLT_207_2": 0.6666666666666666, "43_500G_207_2": 0.25, "44_3,42_207_2": 0.25, "45_4_207_2": 1.0, "46_CITRON_207_2": 0.0, "47_JAUNE_207_2": 0.2, "48_VRAC_207_2": 0.25, "49_LITCHI_207_2": 0.0, "50_0,77_207_2": 0.25, "51_4_207_2": 1.0, "52_4,01_207_2": 0.25, "53_4_207_2": 1.0, "54_POIRE_207_2": 0.2, "55_ABATE_207_2": 0.0, "56_MDD_207_2": 1.0, "57_VR_207_2": 1.0, "58_1,66_207_2": 0.25, "59_ORANGE_207_2": 0.0, "60_MALTAISE_207_2": 0.125, "61_3,95_207_2": 0.25, "62_4_207_2": 2.0, "63_CLEMENVILLA_207_2": 0.09090909090909091, "64_2KG_207_2": 0.3333333333333333, "0_11/02/2017_727_0": 0.0, "1_15:25-_727_0": 0.16666666666666666, "2_VD_727_0": 1.0, "3_2_727_0": 1.0, "4_Le_727_0": 0.0, "5_84087_727_0": 0.4, "6_Caisse_727_0": 0.0, "7_Facture_727_0": 0.0, "8_de_727_0": 0.0, "9_N\"_727_0": 1.0, "10_:_727_0": 1.0, "11_4777_727_0": 0.25, "12_+0013_727_0": 0.8, "13_435_727_0": 0.0, "14_151_727_0": 0.0, "15_Siret_727_0": 0.0, "16_:_727_0": 1.0, "17_Email_727_0": 0.0, "18_:_727_0": 1.0, "19_03_727_0": 1.0, "20_Fax_727_0": 0.0, "21_29_727_0": 0.0, "22_05_727_0": 0.5, "23_46_727_0": 0.5, "24_:_727_0": 1.0, "25_18_727_0": 1.0, "26_23_727_0": 1.0, "27_05_727_0": 0.5, "28_46_727_0": 0.5, "29_29_727_0": 0.0, "30_Tel_727_0": 0.0, "31_ST_727_0": 1.0, "32_DES_727_0": 0.6666666666666666, "33_BALEINES_727_0": 0.25, "34_CLEMENT_727_0": 0.14285714285714285, "35_17590_727_0": 0.0, "36_BALEINIS_727_0": 0.25, "37_HARE_727_0": 0.0, "38_DES_727_0": 0.0, "0_A_437_2": 0.0, "1_BIENTOT_437_2": 0.0, "2_MERCI_437_2": 0.0, "3_DE_437_2": 0.0, "4_VOTRE_437_2": 0.0, "5_VISITE_437_2": 0.0, "6_0101_437_2": 0.25, "7_001_437_2": 0.0, "8_000052_437_2": 0.0, "9_23/03/2017_437_2": 0.0, "10_08:21:25_437_2": 0.125, "0_NOMBRE_777_1": 0.0, "1_D'_777_1": 1.0, "2_ARTICLES_777_1": 0.0, "3_3_777_1": 1.0, "4_7,_777_1": 1.0, "5_Total_777_1": 0.0, "6_00_777_1": 1.0, "7_\u20ac_777_1": 1.0, "8_Rabais_777_1": 0.0, "9_-14,_777_1": 1.0, "10_99_777_1": 1.0, "11_19,_777_1": 0.6666666666666666, "12_orig._777_1": 0.0, "13_Prix_777_1": 0.0, "14_99_777_1": 1.0, "15_5,_777_1": 1.0, "16_0314329_777_1": 0.0, "17_M._777_1": 1.0, "18_Bleu_777_1": 0.0, "19_00_777_1": 1.0, "20_Maille_777_1": 0.0, "21_-2,99_777_1": 0.4, "22_Rabais_777_1": 0.0, "23_orig._777_1": 0.2, "24_3,99_777_1": 0.75, "25_Prix_777_1": 0.0, "26_1,_777_1": 1.0, "27_0386622_777_1": 0.0, "28_NOSIZE_777_1": 0.16666666666666666, "29_Vert_777_1": 0.0, "30_00_777_1": 0.0, "31_Cosmetiques_777_1": 0.09090909090909091, "32_caisses_777_1": 0.0, "33_-2,_777_1": 1.0, "34_99_777_1": 0.5, "35_Rabais_777_1": 0.0, "36_3,_777_1": 1.0, "37_Prix_777_1": 0.0, "38_orig._777_1": 0.2, "39_99_777_1": 0.0, "40_1,_777_1": 1.0, "41_0386622_777_1": 0.0, "42_3ZISON_777_1": 1.0, "43_Vert_777_1": 0.0, "44_00_777_1": 1.0, "45_Cosmetiques_777_1": 0.0, "46_caisses_777_1": 0.0, "0_15.000_receipt_00008_1": 0.0, "1_CHANGE_receipt_00008_1": 0.0, "2_Rp 51.000_receipt_00008_1": 0.3333333333333333, "3_CASH_receipt_00008_1": 0.0, "4_***TOTAL_receipt_00008_1": 0.5, "0_Keep_X51005444045_2": 0.0, "1_applicable_X51005444045_2": 0.0, "2_the_X51005444045_2": 0.0, "3_invoice_X51005444045_2": 0.0, "4_for_X51005444045_2": 0.0, "5_returns_X51005444045_2": 0.0, "6_again_X51005444045_2": 0.0, "7_Please_X51005444045_2": 0.0, "8_Thank_X51005444045_2": 0.0, "9_You._X51005444045_2": 0.0, "10_come_X51005444045_2": 0.25, "0_0_receipt_00722_1": 2.0, "1_LILIN_receipt_00722_1": 0.2, "2_SPIRAL_receipt_00722_1": 0.16666666666666666, "3_5X_receipt_00722_1": 1.0, "4_@0_receipt_00722_1": 0.5, "5_0_receipt_00722_1": 0.0, "6_TART_receipt_00722_1": 0.25, "7_0_receipt_00722_1": 0.0, "8_SEDANG_receipt_00722_1": 0.16666666666666666, "9_BESAR_receipt_00722_1": 0.0, "10_0_receipt_00722_1": 0.0, "11_DUS_receipt_00722_1": 1.0, "12_15_receipt_00722_1": 0.0, "13_CRUNCHY_receipt_00722_1": 0.14285714285714285, "14_CHOC_receipt_00722_1": 0.0, "0_CHANGE_receipt_00231_1": 0.0, "1_44,500_receipt_00231_1": 0.0, "2_CASH_receipt_00231_1": 0.0, "3_100,000_receipt_00231_1": 0.0, "4_TOTAL_receipt_00231_1": 0.0, "5_55,500_receipt_00231_1": 0.0, "6_SUBTOTAL_receipt_00231_1": 0.0, "7_55,500_receipt_00231_1": 0.0, "8_11.00xITEMs_receipt_00231_1": 0.09090909090909091, "9_GARPU_receipt_00231_1": 0.0, "10_0_receipt_00231_1": 0.0, "11_1X_receipt_00231_1": 1.0, "12_@0_receipt_00231_1": 0.5, "13_GARPU_receipt_00231_1": 0.0, "14_0_receipt_00231_1": 0.0, "15_1X_receipt_00231_1": 1.0, "16_@ 0_receipt_00231_1": 0.6666666666666666, "17_SENDOK_receipt_00231_1": 0.0, "18_MAKAN_receipt_00231_1": 0.2, "19_0_receipt_00231_1": 0.0, "20_1X_receipt_00231_1": 1.0, "21_@0_receipt_00231_1": 0.5, "22_SENDOK_receipt_00231_1": 0.0, "23_MAKAN_receipt_00231_1": 0.2, "24_0_receipt_00231_1": 0.0, "25_1X_receipt_00231_1": 1.0, "26_@ 0_receipt_00231_1": 1.0, "27_PLASTIK_receipt_00231_1": 0.0, "28_SEDANG_receipt_00231_1": 0.0, "29_0_receipt_00231_1": 0.0, "30_1X_receipt_00231_1": 1.0, "31_@0_receipt_00231_1": 0.5, "32_MIKA_receipt_00231_1": 0.25, "33_KECIL_receipt_00231_1": 0.0, "34_0_receipt_00231_1": 0.0, "35_1X_receipt_00231_1": 1.0, "36_@0_receipt_00231_1": 1.0, "37_-7,800_receipt_00231_1": 0.3333333333333333, "38_AMOUNT_receipt_00231_1": 0.16666666666666666, "0_Votre_698_1": 0.0, "1_avis_698_1": 0.0, "2_nous_698_1": 0.0, "3_interesse_698_1": 0.0, "4_:_698_1": 1.0, "5_RCS_698_1": 0.0, "6_Paris_698_1": 0.0, "7_310161385_698_1": 0.0, "8_voyage_698_1": 0.0, "9_Merci_698_1": 0.0, "10_et_698_1": 0.0, "11_bon_698_1": 0.3333333333333333, "12_***_698_1": 1.0, "13_***_698_1": 1.0, "14_A_698_1": 0.0, "15_45.00_698_1": 0.0, "16_Rendre_698_1": 0.0, "17_Reglement_698_1": 0.0, "18_5.10_698_1": 1.25, "19_5.10_698_1": 0.0, "20_Sous_698_1": 0.0, "21_Total_698_1": 0.0, "22_4.64_698_1": 0.0, "23_TTL_698_1": 0.0, "24_Net_698_1": 0.0, "25_5.10_698_1": 0.25, "26_0.46_698_1": 0.25, "27_TVA_698_1": 0.0, "28_10%_698_1": 0.0, "29_Especes_698_1": 0.0, "30_50.10_698_1": 0.0, "31_Crudites_698_1": 0.0, "32_Bag_698_1": 0.0, "33_Poulet_698_1": 0.0, "34_5.10_698_1": 0.0, "0_CHANGE_receipt_00585_1": 0.16666666666666666, "1_15,500_receipt_00585_1": 0.16666666666666666, "2_CASH_receipt_00585_1": 0.0, "3_50,000_receipt_00585_1": 0.0, "4_GRAND_receipt_00585_1": 0.0, "5_TOTAL_receipt_00585_1": 0.0, "6_34,500_receipt_00585_1": 0.0, "0_Items,_receipt_00540_1": 0.3333333333333333, "1_2_receipt_00540_1": 0.0, "2_18,500_receipt_00540_1": 0.0, "3_<embali_receipt_00540_1": 0.8571428571428571, "4_50,000_receipt_00540_1": 0.16666666666666666, "5_Cash_receipt_00540_1": 0.25, "6_31,500_receipt_00540_1": 0.16666666666666666, "7_Total_receipt_00540_1": 0.0, "8_2,864_receipt_00540_1": 0.2, "9_P.Rest_receipt_00540_1": 1.0, "10_10_receipt_00540_1": 1.0, "11_%_receipt_00540_1": 0.0, "0_MERCI_161_1": 0.0, "1_DE_161_1": 0.0, "2_VOTRE_161_1": 0.0, "3_VISITE_161_1": 0.0, "4_0001_161_1": 1.0, "5_004_161_1": 0.0, "6_000152_161_1": 0.0, "7_02/09/2016_161_1": 0.0, "8_12:06:06_161_1": 0.0, "9_CARTE_161_1": 0.0, "10_BANCAIRE_161_1": 0.0, "11_EMV_161_1": 0.0, "12_EUR_161_1": 0.0, "13_7.23\u20ac_161_1": 0.4, "14_(S)_161_1": 0.6666666666666666, "15_3_161_1": 0.0, "16_ARTICLE_161_1": 0.0, "17_TOTAL_161_1": 0.8, "18_A_161_1": 1.0, "19_PAYER_161_1": 0.0, "20_7.23\u20ac_161_1": 0.4, "21_VACHE_161_1": 0.0, "22_A_161_1": 0.0, "23_BOIRE_161_1": 0.0, "24_YRT_161_1": 0.0, "25_1.92\u20ac_161_1": 0.4, "26_BISCOTTES_161_1": 0.0, "27_1.08\u20ac_161_1": 0.4, "28_320G_161_1": 0.25, "29_SLDE_161_1": 0.0, "30_STOCKHOL_161_1": 0.0, "31_4.23\u20ac_161_1": 0.4, "32_DESCRIPTION_161_1": 0.0, "33_QTE_161_1": 0.3333333333333333, "34_MONTANT_161_1": 0.14285714285714285, "0_+strong_receipt_00383_0": 0.2857142857142857, "1_+S_receipt_00383_0": 1.0, "2_+Ice_receipt_00383_0": 1.0, "3_1_receipt_00383_0": 1.0, "4_Viet_receipt_00383_0": 0.5, "5_Milk_receipt_00383_0": 1.0, "6_Coffee_receipt_00383_0": 0.16666666666666666, "7_18,000_receipt_00383_0": 0.16666666666666666, "0_Cash_receipt_00704_1": 0.25, "1_100,000_receipt_00704_1": 0.2857142857142857, "2_Total_receipt_00704_1": 0.2, "3_P.Rest_receipt_00704_1": 0.5, "4_8,865_receipt_00704_1": 0.2, "5_10_receipt_00704_1": 0.0, "6_%_receipt_00704_1": 1.0, "7_-1_receipt_00704_1": 1.0, "8_Pembulatan_receipt_00704_1": 0.1, "9_88,636_receipt_00704_1": 0.16666666666666666, "10_Total_receipt_00704_1": 0.0, "11_Sub_receipt_00704_1": 0.3333333333333333, "12_1_receipt_00704_1": 1.0, "13_18,182_receipt_00704_1": 0.0, "14_Large_receipt_00704_1": 0.2, "15_FFries_receipt_00704_1": 0.16666666666666666, "16_1_receipt_00704_1": 1.0, "17_Perkedel_receipt_00704_1": 0.125, "18_5,909_receipt_00704_1": 0.2, "19_8,636_receipt_00704_1": 0.2, "20_1_receipt_00704_1": 1.0, "21_MOCA_receipt_00704_1": 0.5, "22_FLT_receipt_00704_1": 0.3333333333333333, "23_OVLTIN_receipt_00704_1": 0.0, "24_30,455_receipt_00704_1": 0.16666666666666666, "25_1_receipt_00704_1": 1.0, "26_K.Chees_receipt_00704_1": 0.14285714285714285, "27_Chic_receipt_00704_1": 0.25, "28_RC_receipt_00704_1": 0.0, "29_Organik_receipt_00704_1": 0.2857142857142857, "30_6,818_receipt_00704_1": 0.2, "31_1_receipt_00704_1": 1.0, "32_Rice_receipt_00704_1": 0.0, "33_18,636_receipt_00704_1": 0.0, "34_N_receipt_00704_1": 0.0, "35_1_receipt_00704_1": 1.0, "36_H_receipt_00704_1": 0.0, "37_Cheesy_receipt_00704_1": 0.16666666666666666, "38_Chic_receipt_00704_1": 0.25, "0_MERCI_170_1": 0.0, "1_DE_170_1": 0.0, "2_VOTRE_170_1": 0.0, "3_VISITE_170_1": 0.0, "4_0001_170_1": 0.0, "5_004_170_1": 0.3333333333333333, "6_000698_170_1": 0.0, "7_12/12/2016_170_1": 0.1, "8_19:05:04_170_1": 0.0, "9_CARTE_170_1": 0.0, "10_BANCAIRE_170_1": 0.0, "11_EUR_170_1": 0.0, "12_9.22\u20ac_170_1": 0.4, "13_EMV_170_1": 0.0, "14_4_170_1": 0.0, "15_ARTICLE_170_1": 0.0, "16_(S)_170_1": 1.0, "17_TOTAL_170_1": 0.0, "18_A_170_1": 1.0, "19_PAYER_170_1": 0.0, "20_9.22\u20ac_170_1": 0.4, "21_*PDT_170_1": 0.25, "22_BEURRE_170_1": 0.0, "23_PLQ_170_1": 0.3333333333333333, "24_82%_170_1": 0.0, "25_1.71\u20ac_170_1": 0.4, "26_*BEURRIER_170_1": 0.0, "27_TENDRE_170_1": 0.0, "28_DX_170_1": 1.0, "29_1.71\u20ac_170_1": 0.4, "30_*250G_170_1": 0.6, "31_SALADE_170_1": 0.0, "32_PARISI_170_1": 0.0, "33_2x_170_1": 1.5, "34_2.90_170_1": 0.25, "35_5.80\u20ac_170_1": 0.4, "36_DESCRIPTION_170_1": 0.0, "37_QTE_170_1": 1.0, "38_MONTANT_170_1": 0.0, "0_MERCI_427_1": 0.0, "1_DE_427_1": 0.0, "2_VOTRE_427_1": 0.0, "3_VISITE_427_1": 0.0, "4_000175_427_1": 0.0, "5_0004_427_1": 0.25, "6_004_427_1": 0.3333333333333333, "7_16/03/2017_427_1": 0.1, "8_12:04:47_427_1": 0.0, "9_CARTE_427_1": 0.0, "10_BANCAIRE_427_1": 0.0, "11_EMV_427_1": 0.0, "12_EUR_427_1": 0.0, "13_16.98\u20ac_427_1": 0.3333333333333333, "14_3_427_1": 0.0, "15_ARTICLE_427_1": 0.0, "16_(S)_427_1": 0.6666666666666666, "17_TOTAL_427_1": 0.0, "18_A_427_1": 0.0, "19_PAYER_427_1": 0.0, "20_16.98\u20ac_427_1": 0.3333333333333333, "21_*SALADE_427_1": 0.0, "22_VENEZIA_427_1": 0.14285714285714285, "23_4.23\u20ac_427_1": 0.2, "24_*CAROTTE_427_1": 0.0, "25_RAPE_427_1": 0.0, "26_BIO_427_1": 0.3333333333333333, "27_1.60\u20ac_427_1": 0.4, "28_*BAGUETTE_427_1": 0.1111111111111111, "29_PERENE_427_1": 0.0, "30_CERE_427_1": 0.0, "31_1.15\u20ac_427_1": 0.4, "32_DESCRIPTION_427_1": 0.0, "33_QTE_427_1": 0.3333333333333333, "34_MONTANT_427_1": 0.14285714285714285, "0_km._788_0": 0.0, "1_.060_788_0": 0.0, "2_Entree._788_0": 0.14285714285714285, "3_MTP1_788_0": 0.25, "4_Date..._788_0": 0.0, "5_N_788_0": 2.0, "6_RECU_788_0": 0.0, "7_84107_788_0": 0.0, "8_ORANGE_788_0": 0.0, "9_CEDEX_788_0": 0.0, "10_BP198_788_0": 0.2, "0_MOMO_receipt_00601_0": 0.25, "1_11,700_receipt_00601_0": 0.16666666666666666, "2_1_receipt_00601_0": 2.0, "3_3_receipt_00601_0": 1.0, "4_TSUKUNE_receipt_00601_0": 0.14285714285714285, "5_35,100_receipt_00601_0": 0.5, "6_29,800_receipt_00601_0": 0.3333333333333333, "7_KTSU_receipt_00601_0": 0.25, "8_EBI_receipt_00601_0": 0.0, "9_1_receipt_00601_0": 2.0, "10_PCS_receipt_00601_0": 0.6666666666666666, "11_1_receipt_00601_0": 2.0, "12_KOROKE_receipt_00601_0": 0.0, "13_CURRY_receipt_00601_0": 0.2, "14_13,500_receipt_00601_0": 0.16666666666666666, "15_1_receipt_00601_0": 2.0, "16_KOROKE_receipt_00601_0": 0.0, "17_ORI_receipt_00601_0": 0.3333333333333333, "18_12,600_receipt_00601_0": 0.16666666666666666, "19_1_receipt_00601_0": 2.0, "0_ _receipt_00442_0": 3.0, "0_TOTAL_receipt_00122_2": 0.0, "1_QTY_receipt_00122_2": 1.0, "2_2_receipt_00122_2": 0.0, "3_ITEM_receipt_00122_2": 0.0, "0_Total_receipt_00427_1": 0.4, "1_726,495_receipt_00427_1": 0.2857142857142857, "2_66,045_receipt_00427_1": 0.16666666666666666, "3_Pb_receipt_00427_1": 1.0, "4_1_receipt_00427_1": 1.0, "5_Charge_receipt_00427_1": 0.0, "6_Service_receipt_00427_1": 0.14285714285714285, "7_31,450_receipt_00427_1": 0.16666666666666666, "8_Subtotal_receipt_00427_1": 0.25, "9_629,000_receipt_00427_1": 0.0, "10_2_receipt_00427_1": 0.0, "11_Btl_receipt_00427_1": 1.0, "12_Mineral_receipt_00427_1": 0.14285714285714285, "13_Water_receipt_00427_1": 0.2, "14_18,000_receipt_00427_1": 0.16666666666666666, "15_Gls_receipt_00427_1": 1.0, "16_1_receipt_00427_1": 1.0, "17_Ice_receipt_00427_1": 1.0, "18_Lemon_receipt_00427_1": 0.6, "19_16,000_receipt_00427_1": 0.16666666666666666, "20_Tea_receipt_00427_1": 0.0, "21_Pot_receipt_00427_1": 0.3333333333333333, "22_1_receipt_00427_1": 1.0, "23_Chinese_receipt_00427_1": 0.0, "24_35,000_receipt_00427_1": 0.0, "25_Tea_receipt_00427_1": 0.0, "26_Aym_receipt_00427_1": 1.0, "27_1_receipt_00427_1": 1.0, "28_Prs_receipt_00427_1": 1.0, "29_N_receipt_00427_1": 1.0, "30_Hainam_receipt_00427_1": 0.16666666666666666, "31_Jl_receipt_00427_1": 1.0, "32_39,000_receipt_00427_1": 0.16666666666666666, "33_1_receipt_00427_1": 1.0, "34_Prs_receipt_00427_1": 0.3333333333333333, "35_Kwt_receipt_00427_1": 1.0, "36_Polos_receipt_00427_1": 0.4, "37_Mdn_receipt_00427_1": 1.0, "38_23,500_receipt_00427_1": 0.0, "39_Pgng_receipt_00427_1": 0.5, "40_Kj_receipt_00427_1": 1.0, "41_1_receipt_00427_1": 1.0, "42_Prs_receipt_00427_1": 1.0, "43_Sp_receipt_00427_1": 1.0, "44_Ns_receipt_00427_1": 1.0, "45_55,000_receipt_00427_1": 0.0, "46_Aym_receipt_00427_1": 1.0, "47_1_receipt_00427_1": 1.0, "48_Prs_receipt_00427_1": 1.0, "49_Lamien_receipt_00427_1": 0.5, "50_46,000_receipt_00427_1": 0.16666666666666666, "51_Ktsu_receipt_00427_1": 0.75, "52_Udang_receipt_00427_1": 0.4, "53_Prs_receipt_00427_1": 0.3333333333333333, "54_1_receipt_00427_1": 1.0, "55_Lamien_receipt_00427_1": 0.16666666666666666, "56_T_receipt_00427_1": 1.0, "57_46,000_receipt_00427_1": 0.16666666666666666, "58_Udg_receipt_00427_1": 0.3333333333333333, "59_65,000_receipt_00427_1": 0.5, "60_1_receipt_00427_1": 1.0, "61_Prs_receipt_00427_1": 1.0, "62_Mie_receipt_00427_1": 1.0, "63_Gr_receipt_00427_1": 1.0, "64_Gala_receipt_00427_1": 1.0, "65_1_receipt_00427_1": 1.0, "66_Prs_receipt_00427_1": 1.0, "67_Pancake_receipt_00427_1": 0.0, "68_Durian_receipt_00427_1": 0.8333333333333334, "69_32,000_receipt_00427_1": 0.16666666666666666, "70_Prs_receipt_00427_1": 1.0, "71_Kwo_receipt_00427_1": 1.6666666666666667, "72_50,000_receipt_00427_1": 0.0, "73_1_receipt_00427_1": 2.0, "74_Tie_receipt_00427_1": 1.0, "75_Jala2_receipt_00427_1": 0.8, "76_May_receipt_00427_1": 0.6666666666666666, "77_Kpting_receipt_00427_1": 0.3333333333333333, "78_23,500_receipt_00427_1": 0.16666666666666666, "79_1_receipt_00427_1": 1.0, "80_Prs_receipt_00427_1": 0.3333333333333333, "81_Sio_receipt_00427_1": 1.0, "82_2_receipt_00427_1": 2.0, "83_Prs_receipt_00427_1": 0.0, "84_Hatosi_receipt_00427_1": 0.6666666666666666, "85_60,000_receipt_00427_1": 0.0, "86_Rambutan_receipt_00427_1": 0.625, "87_Cheong_receipt_00427_1": 0.8333333333333334, "88_Udg_receipt_00427_1": 1.0, "89_1_receipt_00427_1": 1.0, "90_Prs_receipt_00427_1": 1.0, "91_35,000_receipt_00427_1": 0.3333333333333333, "92_Fen_receipt_00427_1": 0.3333333333333333, "93_Udng_receipt_00427_1": 1.0, "94_1_receipt_00427_1": 1.0, "95_Prs_receipt_00427_1": 1.0, "96_Ha_receipt_00427_1": 0.5, "97_Kaou_receipt_00427_1": 0.5, "98_28,000_receipt_00427_1": 0.16666666666666666, "99_Lumpia_receipt_00427_1": 0.16666666666666666, "100_Udg_receipt_00427_1": 1.0, "101_30,000_receipt_00427_1": 0.16666666666666666, "102_1_receipt_00427_1": 1.0, "103_Prs_receipt_00427_1": 0.3333333333333333, "104_K_receipt_00427_1": 1.0, "105_Th_receipt_00427_1": 1.0, "106_Pangsit_receipt_00427_1": 0.14285714285714285, "107_1_receipt_00427_1": 1.0, "108_Prs_receipt_00427_1": 1.0, "109_Delima_receipt_00427_1": 0.5, "110_27,000_receipt_00427_1": 0.16666666666666666, "0_Tel_525_0": 0.0, "1_45000_525_0": 0.0, "2_ORLEANS_525_0": 0.0, "3_1,_525_0": 1.0, "4_RUE_525_0": 0.0, "5_GRENIER_525_0": 0.0, "6_DU_525_0": 1.0, "7_SEL_525_0": 0.0, "8_A_525_0": 0.0, "9_CARREFOUR_525_0": 0.0, "10_CITY_525_0": 0.0, "11_ORLEANS_525_0": 0.0, "0_Rp_receipt_00657_1": 0.5, "1_13.200_receipt_00657_1": 0.0, "2_Other_receipt_00657_1": 0.2, "3_Rp_receipt_00657_1": 0.5, "4_13.200_receipt_00657_1": 0.0, "5_Total_receipt_00657_1": 0.0, "6_Rp_receipt_00657_1": 0.0, "7_1.200_receipt_00657_1": 0.0, "8_Rp_receipt_00657_1": 0.0, "9_12.000_receipt_00657_1": 0.0, "10_Subtotal_receipt_00657_1": 0.0, "11_12.000_receipt_00657_1": 0.0, "12_1_receipt_00657_1": 2.0, "13_12.000_receipt_00657_1": 0.16666666666666666, "14_Kroket_receipt_00657_1": 0.0, "0_0_receipt_00196_1": 1.0, "1_CHANGE DUE_receipt_00196_1": 0.2, "2_51,000_receipt_00196_1": 0.16666666666666666, "3_MASTER_receipt_00196_1": 0.16666666666666666, "4_2080_receipt_00196_1": 0.0, "5_51,000_receipt_00196_1": 0.5, "6_GRAND TOTAL_receipt_00196_1": 0.18181818181818182, "7_51,000_receipt_00196_1": 0.3333333333333333, "8_SUB TOTAL_receipt_00196_1": 0.3333333333333333, "9_28,000_receipt_00196_1": 0.16666666666666666, "10_28,000_receipt_00196_1": 0.3333333333333333, "11_x_receipt_00196_1": 0.0, "12_1_receipt_00196_1": 1.0, "13_23,000_receipt_00196_1": 0.0, "14_23,000_receipt_00196_1": 0.16666666666666666, "15_x_receipt_00196_1": 0.0, "16_1_receipt_00196_1": 1.0, "0_points_667_2": 0.0, "1_PUR_667_2": 0.0, "2_JUS_667_2": 0.6666666666666666, "3_ORANGE_667_2": 0.0, "4_x_667_2": 1.0, "5_10_667_2": 0.5, "6_avantages_667_2": 0.1111111111111111, "7_points_667_2": 0.0, "8_Detail_667_2": 0.0, "9_***_667_2": 1.0, "10_Sous-To:al_667_2": 0.2, "11_(_667_2": 0.0, "12_24)_667_2": 0.0, "13_49.16\u20ac_667_2": 0.5, "14_1.85\u20ac_667_2": 0.4, "15_BETTERAVE_667_2": 0.0, "16_X2_667_2": 1.0, "17_TPP_667_2": 0.3333333333333333, "18_PAMPLEMOUSSE_667_2": 0.16666666666666666, "19_ROS_667_2": 0.0, "20_2.39\u20ac_667_2": 0.8, "21_2.39\u20ac_667_2": 0.4, "22_TPP_667_2": 0.0, "23_PAMPLEMOUSSE_667_2": 0.08333333333333333, "24_ROS_667_2": 0.0, "25_H_667_2": 0.0, "26_1.80\u20ac_667_2": 0.4, "27_PUR_667_2": 0.0, "28_JUS_667_2": 0.6666666666666666, "29_DRANGE_667_2": 1.0, "30_AUCHA_667_2": 0.0, "31_PUR_667_2": 0.0, "32_ORANGE_667_2": 0.16666666666666666, "33_AUCHA_667_2": 0.0, "34_H_667_2": 0.0, "35_JUS_667_2": 0.6666666666666666, "36_1.80\u20ac_667_2": 0.4, "37_ROSE_667_2": 0.0, "38_BOTTE_667_2": 0.0, "39_0.99\u20ac_667_2": 0.6, "40_RADIS_667_2": 0.0, "41_2.65\u20ac_667_2": 0.4, "42_FRAISE_667_2": 0.0, "43_500GR_667_2": 0.2, "44_FRANCE_667_2": 0.0, "45_1.79\u20ac/kg_667_2": 0.25, "46_1.050kg_667_2": 0.2857142857142857, "47_x_667_2": 1.0, "48_BANANE_667_2": 0.0, "49_1.83\u20ac_667_2": 0.8, "50_FLEG_667_2": 0.0, "51_FLEURS_667_2": 0.0, "52_PLANTES_667_2": 0.0, "53_>>_667_2": 0.0, "0_Other_receipt_00451_1": 0.0, "1_13.200_receipt_00451_1": 0.0, "2_Total_receipt_00451_1": 0.0, "3_13.200_receipt_00451_1": 0.0, "4_(10.0%)_receipt_00451_1": 0.0, "5_Tax_receipt_00451_1": 0.6666666666666666, "6_1.200_receipt_00451_1": 0.0, "7_Subtotal_receipt_00451_1": 0.0, "8_12.000_receipt_00451_1": 0.0, "0_0.81\u20ac_257_3": 0.4, "1_3.65\u20ac_257_3": 0.4, "2_NECTAIRE_257_3": 0.25, "3_FERMIE_257_3": 0.16666666666666666, "4_2.58\u20ac_257_3": 0.4, "5_SPECIAL_257_3": 0.0, "6_K_257_3": 0.0, "7_FEUIL.CH_257_3": 0.125, "8_0.94e_257_3": 0.4, "9_LEGUME_257_3": 0.16666666666666666, "10_2.56\u20ac_257_3": 0.4, "11_SAUCE_257_3": 0.0, "12_PASTA_257_3": 0.2, "13_1.43\u20ac_257_3": 0.4, "14_QUENEL_257_3": 0.0, "15_VOLAI.PJEAN_257_3": 0.2727272727272727, "16_1.59\u20ac_257_3": 0.4, "17_DE_257_3": 0.0, "18_TERRE_257_3": 0.0, "19_POMME_257_3": 0.4, "20_CRF_257_3": 0.3333333333333333, "21_1.09\u20ac_257_3": 0.4, "22_PLANTA_257_3": 0.0, "23_FIN_257_3": 0.0, "24_DOUX_257_3": 0.75, "25_25_257_3": 0.5, "26_2.24\u20ac_257_3": 0.4, "27_DEJEUNER_257_3": 0.0, "28_CHO_257_3": 0.0, "29_PETIT_257_3": 0.0, "30_1.95\u20ac_257_3": 0.4, "31_MELON_257_3": 0.4, "32_PCE_257_3": 0.0, "33_MOYEN_257_3": 0.2, "34_0.99\u20ac_257_3": 0.4, "35_PCE_257_3": 0.0, "36_250G_257_3": 0.25, "37_BETTERAVE_257_3": 0.1111111111111111, "38_CARREFOUR_257_3": 0.0, "39_1.75\u20ac_257_3": 0.4, "40_PAVE_257_3": 0.0, "41_1.21\u20ac_257_3": 0.4, "42_NECTA.JAUNE_257_3": 0.18181818181818182, "43_GROS_257_3": 0.25, "44_0.77\u20ac_257_3": 0.2, "45_CRF_257_3": 0.0, "46_MOZZARELLA_257_3": 0.1, "47_3.75\u20ac_257_3": 0.4, "48_NR_257_3": 0.5, "49_LT2X205G_257_3": 0.125, "50_NESTLE_257_3": 0.0, "0_jours_766_3": 0.0, "1_30_766_3": 0.0, "2_Reprise_766_3": 0.0, "3_echange_766_3": 0.0, "4_articles_766_3": 0.0, "5_sous_766_3": 0.0, "6_ou_766_3": 0.0, "7_des_766_3": 0.0, "0_J'OPTIMISME_207_5": 0.2727272727272727, "1_27.01.17_207_5": 0.0, "2_18:08_207_5": 0.0, "3_0045111_207_5": 0.8571428571428571, "4_0062_207_5": 0.75, "5_411_207_5": 1.0, "0_ _receipt_00350_0": 2.0, "0_item(s)_receipt_00476_1": 0.0, "1_3_receipt_00476_1": 1.0, "2_Change_receipt_00476_1": 0.16666666666666666, "3_0.00_receipt_00476_1": 0.25, "4_Payment_receipt_00476_1": 0.14285714285714285, "5_75,500.00_receipt_00476_1": 0.0, "6_75,500.00_receipt_00476_1": 0.0, "7_Total_receipt_00476_1": 0.0, "8_Discount_receipt_00476_1": 0.0, "9_0.00_receipt_00476_1": 0.25, "10_75,500.00_receipt_00476_1": 0.0, "11_Subtotal_receipt_00476_1": 0.125, "12_37,500.00_receipt_00476_1": 0.0, "0_:_298_0": 1.0, "1_Tel_298_0": 0.0, "2_17000_298_0": 0.0, "3_LA_298_0": 0.0, "4_ROCHELLE_298_0": 0.0, "5_33_298_0": 0.0, "6_RUE_298_0": 0.0, "7_DE_298_0": 0.0, "8_LA_298_0": 0.0, "9_SCIERIE_298_0": 0.0, "10_CRF-CITY_298_0": 0.0, "11_LA_298_0": 0.5, "12_ROCHELLE_298_0": 0.0, "0_CHANGE_receipt_00136_1": 0.0, "1_34,000_receipt_00136_1": 0.0, "2_CASH_receipt_00136_1": 0.0, "3_100,000_receipt_00136_1": 0.0, "4_TOTAL_receipt_00136_1": 0.0, "5_66,000_receipt_00136_1": 0.8333333333333334, "6_TAX_receipt_00136_1": 0.0, "7_10%_receipt_00136_1": 0.0, "8_6,000_receipt_00136_1": 0.8, "9_SUBTOTAL_receipt_00136_1": 0.0, "10_60,000_receipt_00136_1": 0.0, "11_1.00xITEMS_receipt_00136_1": 0.7, "12_SATE_receipt_00136_1": 0.0, "13_PADANG_receipt_00136_1": 0.0, "14_60,000_receipt_00136_1": 0.0, "0_ _receipt_00172_0": 7.0, "0_CHEESE_receipt_00153_0": 0.0, "1_CUP_receipt_00153_0": 0.0, "2_GIGA_receipt_00153_0": 0.0, "3_GIGA_receipt_00153_0": 0.0, "0_DESCRIPTION_260_0": 0.09090909090909091, "1_QTE_260_0": 1.0, "2_MONTANT_260_0": 0.42857142857142855, "3_Tel_260_0": 0.0, "4_17000_260_0": 0.0, "5_LA_260_0": 1.0, "6_ROCHELLE_260_0": 0.0, "7_33_260_0": 1.0, "8_RUE_260_0": 0.0, "9_DE_260_0": 0.5, "10_SCIERIE_260_0": 0.0, "11_LA_260_0": 1.0, "12_CRF-CITY_260_0": 0.0, "13_LA_260_0": 0.0, "14_ROCHELLE_260_0": 0.0, "0_DESCRIPTION_26_0": 0.0, "1_QTE_26_0": 1.3333333333333333, "2_MONTANT_26_0": 0.14285714285714285, "3_Tel_26_0": 0.0, "4_17000_26_0": 0.0, "5_LA_26_0": 0.0, "6_ROCHELLE_26_0": 0.0, "7_33_26_0": 0.0, "8_RUE_26_0": 0.0, "9_DE_26_0": 0.0, "10_LA_26_0": 0.0, "11_SCIERIE_26_0": 0.14285714285714285, "12_CRF-CITY_26_0": 0.0, "13_LA_26_0": 0.5, "14_ROCHELLE_26_0": 0.0, "0_PB1_receipt_00303_1": 0.3333333333333333, "1_76,000_receipt_00303_1": 0.16666666666666666, "2_SUBTOTAL_receipt_00303_1": 0.0, "3_760,000_receipt_00303_1": 0.14285714285714285, "4_1_receipt_00303_1": 1.0, "5_YAMIN_receipt_00303_1": 0.0, "6_PANGSIT_receipt_00303_1": 0.42857142857142855, "7_REBUS_receipt_00303_1": 0.0, "8_31,000_receipt_00303_1": 0.0, "9_1_receipt_00303_1": 0.0, "10_YAMIN_receipt_00303_1": 0.0, "11_BASO_receipt_00303_1": 0.0, "12_SAPI_receipt_00303_1": 0.25, "13_30,000_receipt_00303_1": 0.3333333333333333, "14_2_receipt_00303_1": 0.0, "15_TEH_receipt_00303_1": 0.6666666666666666, "16_TAWAR_receipt_00303_1": 0.2, "17_4,000_receipt_00303_1": 0.0, "18_3_receipt_00303_1": 1.0, "19_TEH_receipt_00303_1": 0.6666666666666666, "20_MANIS_receipt_00303_1": 0.0, "21_PANAS_receipt_00303_1": 0.0, "22_18,000_receipt_00303_1": 0.0, "23_2_receipt_00303_1": 0.0, "24_NASI_receipt_00303_1": 0.25, "25_GORENG_receipt_00303_1": 0.0, "26_SPECIAL_receipt_00303_1": 0.0, "27_82,000_receipt_00303_1": 0.0, "28_1_receipt_00303_1": 0.0, "29_MPEKMPEK_receipt_00303_1": 0.0, "30_LENJER_receipt_00303_1": 1.0, "31_20,000_receipt_00303_1": 0.0, "32_1_receipt_00303_1": 0.0, "33_MPEKMPEK_receipt_00303_1": 0.125, "34_K_receipt_00303_1": 0.0, "35_SELAM_receipt_00303_1": 0.6, "36_20,000_receipt_00303_1": 0.0, "37_2_receipt_00303_1": 0.0, "38_MIE_receipt_00303_1": 0.0, "39_GORENG_receipt_00303_1": 0.0, "40_SPECIAL_receipt_00303_1": 0.0, "41_82,000_receipt_00303_1": 0.16666666666666666, "42_2_receipt_00303_1": 0.0, "43_KWETIAW_receipt_00303_1": 0.2857142857142857, "44_GORENG_receipt_00303_1": 0.0, "45_SEA_receipt_00303_1": 0.6666666666666666, "46_90,000_receipt_00303_1": 0.0, "47_KWETIAW_receipt_00303_1": 0.42857142857142855, "48_1_receipt_00303_1": 0.0, "49_GORENG_receipt_00303_1": 0.0, "50_SAPI_receipt_00303_1": 0.25, "51_45,000_receipt_00303_1": 0.16666666666666666, "52_1_receipt_00303_1": 0.0, "53_KWETIAW_receipt_00303_1": 0.2857142857142857, "54_SIRAM_receipt_00303_1": 0.4, "55_SEA_receipt_00303_1": 0.6666666666666666, "56_45,000_receipt_00303_1": 0.0, "57_1_receipt_00303_1": 0.0, "58_KWETIAW_receipt_00303_1": 0.14285714285714285, "59_SIRAM_receipt_00303_1": 0.0, "60_SAPI_receipt_00303_1": 0.5, "61_43,000_receipt_00303_1": 0.0, "62_1_receipt_00303_1": 0.0, "63_JUICE_receipt_00303_1": 0.0, "64_STRAWBERRY_receipt_00303_1": 0.0, "65_21,000_receipt_00303_1": 0.0, "66_1_receipt_00303_1": 0.0, "67_JUICE_receipt_00303_1": 0.0, "68_ALPUKAT_receipt_00303_1": 0.0, "69_20,000_receipt_00303_1": 0.16666666666666666, "70_1_receipt_00303_1": 0.0, "71_IFUMIE_receipt_00303_1": 0.16666666666666666, "72_43,000_receipt_00303_1": 0.0, "73_1_receipt_00303_1": 0.0, "74_ES_receipt_00303_1": 0.0, "75_THE_receipt_00303_1": 0.0, "76_TAWAR_receipt_00303_1": 0.2, "77_4,000_receipt_00303_1": 0.0, "78_5_receipt_00303_1": 0.0, "79_ES_receipt_00303_1": 0.0, "80_TEH_receipt_00303_1": 0.0, "81_MANIS_receipt_00303_1": 0.4, "82_30,000_receipt_00303_1": 0.0, "83_1_receipt_00303_1": 0.0, "84_ES_receipt_00303_1": 0.0, "85_ALPUKAT_receipt_00303_1": 0.0, "86_18,000_receipt_00303_1": 0.0, "87_1_receipt_00303_1": 0.0, "88_BIHUN_receipt_00303_1": 0.2, "89_MASAK_receipt_00303_1": 0.2, "90_KUAH_receipt_00303_1": 0.0, "91_38,000_receipt_00303_1": 0.0, "92_1_receipt_00303_1": 0.0, "93_BIHUN_receipt_00303_1": 0.2, "94_GORENG_receipt_00303_1": 0.0, "95_SPECIAL_receipt_00303_1": 0.0, "96_5_receipt_00303_1": 0.0, "97_AQUA_receipt_00303_1": 0.0, "98_41,000_receipt_00303_1": 0.16666666666666666, "99_600ML_receipt_00303_1": 1.0, "100_35,000_receipt_00303_1": 0.0, "0_A_427_2": 0.0, "1_BIENTOT_427_2": 0.0, "0_BIENTOT_15_1": 0.0, "1_MERCI_15_1": 0.0, "2_DE_15_1": 0.0, "3_VOTRE_15_1": 0.0, "4_VISITE_15_1": 0.0, "5_0012_15_1": 0.0, "6_004_15_1": 0.0, "7_000419_15_1": 0.0, "8_25/10/2016_15_1": 0.1, "9_19:15:57_15_1": 0.125, "10_CARTE_15_1": 0.0, "11_BANCAIRE_15_1": 0.0, "12_EMV_15_1": 0.3333333333333333, "13_EUR_15_1": 0.0, "14_12.07\u20ac_15_1": 0.3333333333333333, "15_3_15_1": 0.0, "16_ARTICLE_15_1": 0.0, "17_(S)_15_1": 0.3333333333333333, "18_TOTAL_15_1": 0.8, "19_A_15_1": 0.0, "20_PAYER_15_1": 0.0, "21_12.07\u20ac_15_1": 0.3333333333333333, "22_PREFOU_15_1": 0.0, "23_CHEVRE_15_1": 0.0, "24_4.80\u20ac_15_1": 0.4, "25_75_15_1": 0.0, "26_CAB_15_1": 0.0, "27_ANJ_15_1": 0.6666666666666666, "28_RSE_15_1": 0.0, "29_MDD_15_1": 0.6666666666666666, "30_4.15\u20ac_15_1": 0.4, "31_SCHOKOBONS_15_1": 0.0, "32_2006_15_1": 0.25, "33_KI_15_1": 0.5, "34_3.12\u20ac_15_1": 0.4, "0_Tel_361_0": 0.0, "1_ROCHELLE_361_0": 0.0, "2_17000_361_0": 0.0, "3_33_361_0": 0.0, "4_DE_361_0": 0.0, "5_LA_361_0": 1.0, "6_SCIERIE_361_0": 0.0, "7_RUE_361_0": 0.0, "8_CRF-CITY_361_0": 0.0, "9_LA_361_0": 0.0, "10_R0CHELLE_361_0": 0.125, "0_QTE_128_0": 0.3333333333333333, "1_MONTANT_128_0": 0.42857142857142855, "2_DESCRIPTION_128_0": 0.18181818181818182, "3_:_128_0": 1.0, "4_Tel_128_0": 0.0, "5_LA_128_0": 0.0, "6_ROCHELLE_128_0": 0.0, "7_17000_128_0": 0.0, "8_SCIERIE_128_0": 0.14285714285714285, "9_33_128_0": 0.0, "10_RUE_128_0": 0.0, "11_DE_128_0": 0.0, "12_LA_128_0": 0.5, "13_CRF-CITY_128_0": 0.25, "14_ROCHELLE_128_0": 0.0, "15_LA_128_0": 0.0, "0_1_receipt_00061_0": 1.0, "1_17,000_receipt_00061_0": 0.3333333333333333, "2_17,000_receipt_00061_0": 0.16666666666666666, "0_BIENTOT_16_2": 0.0, "0_01/12/2016_230_1": 0.1, "1_18:33:51_230_1": 0.0, "2_0111_230_1": 1.0, "3_002_230_1": 0.0, "4_000523_230_1": 0.16666666666666666, "5_:_230_1": 1.0, "6_Carte_230_1": 0.0, "7_1.47\u20ac_230_1": 0.4, "8_BANCAIRE_230_1": 0.0, "9_EUR_230_1": 0.0, "10_EMV_230_1": 0.3333333333333333, "11_CARTE_230_1": 0.0, "12_1_230_1": 1.0, "13_1.47\u20ac_230_1": 0.4, "14_PAYER_230_1": 0.0, "15_ARTICLE(S)_230_1": 0.0, "16_TOTAL_230_1": 0.0, "17_A_230_1": 1.0, "18_1.47\u20ac_230_1": 0.4, "19_ALIMENTAIRE_230_1": 0.0, "20_TOTAL_230_1": 0.8, "21_1.47\u20ac_230_1": 0.4, "22_BANANE_230_1": 0.0, "23_SACHET_230_1": 0.0, "24_*BIO_230_1": 0.75, "0_A_404_2": 0.0, "1_BIENTOT_404_2": 0.0, "0_A_267_1": 0.0, "1_BIENTOT_267_1": 0.0, "2_MERCI_267_1": 0.0, "3_VOTRE_267_1": 0.0, "4_DE_267_1": 0.0, "5_VISITE_267_1": 0.0, "6_0100_267_1": 0.0, "7_001_267_1": 0.3333333333333333, "8_000009_267_1": 0.3333333333333333, "9_11/07/2017_267_1": 0.0, "10_12:08:27_267_1": 0.0, "11_Votre_267_1": 0.0, "12_Monnaie_267_1": 0.0, "13_-0.60\u20ac_267_1": 0.3333333333333333, "14_ESPECES_267_1": 0.0, "15_EUR_267_1": 0.0, "16_5.00\u20ac_267_1": 0.4, "17_(S)_267_1": 0.6666666666666666, "18_2_267_1": 0.0, "19_ARTICLE_267_1": 0.0, "20_TOTAL_267_1": 0.0, "21_A_267_1": 1.0, "22_PAYER_267_1": 0.0, "23_4.40\u20ac_267_1": 0.4, "24_*HELON_267_1": 0.0, "25_CHARENTAIS_267_1": 0.0, "26_GRO_267_1": 0.3333333333333333, "27_2x_267_1": 2.0, "28_2.20_267_1": 0.0, "29_4.40\u20ac_267_1": 0.4, "30_DESCRIPTION_267_1": 0.0, "31_QTE_267_1": 0.3333333333333333, "32_NONTANT_267_1": 0.14285714285714285, "0_Vignette(s)_204_2": 0.0, "1_par_204_2": 0.0, "2_operation_204_2": 0.0, "3_2.0_204_2": 0.0, "4_cumule_204_2": 0.16666666666666666, "5_Bravo_204_2": 0.2, "6_vous_204_2": 0.0, "7_avez_204_2": 0.0, "8_Carte_204_2": 0.2, "9_CARREFOUR_204_2": 0.0, "10_25,68_204_2": 0.4, "11_Cartes_204_2": 0.0, "12_Bencaires_204_2": 0.2222222222222222, "0_A_173_2": 0.0, "1_BIENTOT_173_2": 0.0, "2_MERCI_173_2": 0.0, "3_VOTRE_173_2": 0.2, "4_VISITE_173_2": 0.0, "5_DE_173_2": 0.0, "0_Tax_receipt_00162_2": 0.0, "1_After_receipt_00162_2": 0.0, "2_Afternoon_receipt_00162_2": 0.0, "3_Discount_receipt_00162_2": 0.0, "4_1x_receipt_00162_2": 0.0, "5_12.000_receipt_00162_2": 0.0, "6_Mini_receipt_00162_2": 0.0, "7_Chocolate_receipt_00162_2": 0.0, "8_Donut_receipt_00162_2": 0.0, "9_After_receipt_00162_2": 0.0, "10_(30%)_receipt_00162_2": 0.0, "11_Afternoon_receipt_00162_2": 0.0, "12_(8.400)_receipt_00162_2": 0.0, "13_Discount_receipt_00162_2": 0.0, "0_MERCI_27_1": 0.0, "1_DE_27_1": 0.0, "2_VOTRE_27_1": 0.0, "3_VISITE_27_1": 0.0, "4_28/02/2017_27_1": 0.0, "5_0010_27_1": 0.5, "6_000081_27_1": 0.0, "7_11:56:32_27_1": 0.0, "8_004_27_1": 0.0, "9_4.99\u20ac_27_1": 0.6, "10_EUR_27_1": 0.0, "11_CB_27_1": 0.0, "12_EMV_27_1": 0.0, "13_SANS_27_1": 0.0, "14_CONTACT_27_1": 0.0, "15_(S)_27_1": 0.3333333333333333, "16_ARTICLE_27_1": 0.0, "17_A_27_1": 0.0, "18_PAYER_27_1": 0.0, "19_4.99\u20ac_27_1": 0.6, "20_2_27_1": 0.0, "21_TOTAL_27_1": 0.0, "22_3.32\u20ac_27_1": 0.4, "23_*SALADE_27_1": 0.0, "24_PATE_27_1": 0.0, "25_JBON_27_1": 0.5, "26_0.855kg_27_1": 0.0, "27_1.95\u20ac/kg_27_1": 0.375, "28_x_27_1": 0.0, "29_1.67\u20ac_27_1": 0.4, "30_*BANANE_27_1": 0.0, "31_QTE_27_1": 1.3333333333333333, "32_KONTANT_27_1": 0.2857142857142857, "33_DESCRIPTION_27_1": 0.0, "0_QTE_380_0": 0.3333333333333333, "1_DESCRIPTION_380_0": 0.0, "2_MONTANT_380_0": 0.14285714285714285, "3_Tel_380_0": 0.0, "4_17000_380_0": 0.0, "5_LA_380_0": 0.0, "6_ROCHELLE_380_0": 0.0, "7_33_380_0": 0.0, "8_RUE_380_0": 0.0, "9_DE_380_0": 0.0, "10_LA_380_0": 0.5, "11_SCIERIE_380_0": 0.14285714285714285, "12_CRF-CITY_380_0": 0.0, "13_LA_380_0": 0.0, "14_ROCHELLE_380_0": 0.0, "0_ _receipt_00245_0": 3.0, "0_DESCRIPTION_569_0": 0.0, "1_QTE_569_0": 0.0, "2_MONTANT_569_0": 0.14285714285714285, "3_Bienvenue_569_0": 0.0, "4_chez_569_0": 0.0, "5_Carrefour_569_0": 0.0, "6_Market_569_0": 0.0, "7_Dimanche_569_0": 0.0, "8_a_569_0": 0.0, "9_12H30_569_0": 0.0, "10_9H00_569_0": 0.75, "11_Lundi_569_0": 0.0, "12_au_569_0": 0.0, "13_Samedi_569_0": 0.0, "14_de_569_0": 0.0, "15_8H30_569_0": 0.0, "16_a_569_0": 0.0, "17_19H30_569_0": 0.0, "18_:_569_0": 2.0, "19_Tel_569_0": 0.0, "20_04_569_0": 0.0, "21_66_569_0": 0.0, "22_88_569_0": 1.0, "23_98_569_0": 0.0, "24_98_569_0": 0.0, "25_VAUVERT_569_0": 0.0, "0_DESCRIPTION_543_0": 0.0, "1_QTE_543_0": 0.3333333333333333, "2_:_543_0": 1.0, "3_Tel_543_0": 0.0, "4_45000_543_0": 0.0, "5_ORLEANS_543_0": 0.0, "6_1,_543_0": 1.0, "7_RUE_543_0": 0.0, "8_DU_543_0": 1.0, "9_GRENIER_543_0": 0.0, "10_A_543_0": 1.0, "11_SEL_543_0": 0.0, "12_CARREFOUR_543_0": 0.0, "13_CITY_543_0": 0.0, "14_ORLEANS_543_0": 0.0, "0_MONTANT_499_0": 0.2857142857142857, "1_DESCRIPTION_499_0": 0.0, "2_QTE_499_0": 1.0, "3_Gargot_499_0": 0.0, "4_Aytre._499_0": 0.3333333333333333, "5_Nicolas_499_0": 0.0, "6_Rue_499_0": 0.0, "7_17440_499_0": 0.0, "8_Dimanche_499_0": 0.0, "9_9h_499_0": 0.5, "10_a_499_0": 0.0, "11_12h30_499_0": 0.0, "12_au_499_0": 0.0, "13_Samedi_499_0": 0.0, "14_de_499_0": 0.0, "15_9h_499_0": 0.5, "16_a_499_0": 0.0, "17_20h00_499_0": 0.0, "18_0546457320_499_0": 0.0, "19_Tel_499_0": 0.0, "20_market_499_0": 0.0, "21_Carrefour_499_0": 0.0, "22_AYTRE_499_0": 0.0, "0_A_558_2": 0.0, "1_BIENTOT_558_2": 0.0, "2_0007_558_2": 0.25, "3_08/04/2017_558_2": 0.1, "4_001_558_2": 0.6666666666666666, "5_000495_558_2": 0.16666666666666666, "6_19:22:30_558_2": 0.0, "0_ITEM_receipt_00289_1": 0.5, "1_7_receipt_00289_1": 1.0, "2_KEMBALI:_receipt_00289_1": 0.125, "3_14.100_receipt_00289_1": 0.3333333333333333, "4_DIBAYAR_receipt_00289_1": 0.0, "5_200.000_receipt_00289_1": 0.14285714285714285, "6_JUMLAH:_receipt_00289_1": 0.5714285714285714, "7_185.900_receipt_00289_1": 0.0, "8_16.900_receipt_00289_1": 0.0, "9_TAX_receipt_00289_1": 0.3333333333333333, "10_10%_receipt_00289_1": 0.0, "11_SUBTL_receipt_00289_1": 0.0, "12_169.000_receipt_00289_1": 0.0, "13_NASI_receipt_00289_1": 0.75, "14_GORENG_receipt_00289_1": 0.0, "15_60.000_receipt_00289_1": 0.16666666666666666, "16_2_receipt_00289_1": 0.0, "17_30.000_receipt_00289_1": 0.0, "18_SATE_receipt_00289_1": 0.0, "19_PADANG_receipt_00289_1": 0.0, "20_30.000_receipt_00289_1": 0.0, "21_TEH_receipt_00289_1": 1.0, "22_TELOR_receipt_00289_1": 0.0, "23_14.000_receipt_00289_1": 0.0, "24_TEH_receipt_00289_1": 0.3333333333333333, "25_BTL_receipt_00289_1": 0.3333333333333333, "26_ES_receipt_00289_1": 0.0, "27_5.000_receipt_00289_1": 0.0, "28_NASI_receipt_00289_1": 0.5, "29_GORENG_receipt_00289_1": 0.0, "30_60.000_receipt_00289_1": 0.16666666666666666, "31_2_receipt_00289_1": 0.0, "32_30.000_receipt_00289_1": 0.0, "0_Go-Pay_receipt_00126_1": 0.0, "1_53.200_receipt_00126_1": 0.0, "2_static_receipt_00126_1": 0.0, "3_53.200_receipt_00126_1": 0.0, "4_TOTAL_receipt_00126_1": 0.0, "5_53.200_receipt_00126_1": 0.16666666666666666, "6_Subtotal_receipt_00126_1": 0.0, "7_Wagyu_receipt_00126_1": 0.0, "8_(_receipt_00126_1": 1.0, "9_1gr_receipt_00126_1": 0.6666666666666666, "10_)_receipt_00126_1": 0.0, "11_Round_receipt_00126_1": 0.0, "12_133_receipt_00126_1": 0.0, "13_53.200_receipt_00126_1": 0.0, "0_MERCI_422_2": 0.0, "1_DE_422_2": 0.0, "2_VOTRE_422_2": 0.0, "3_VISITE_422_2": 0.0, "4_0005_422_2": 0.5, "5_003_422_2": 0.0, "6_13/04/2017_422_2": 0.0, "7_000166_422_2": 0.0, "8_14:03:17_422_2": 0.0, "9_-3.84\u20ac_422_2": 0.3333333333333333, "10_Votre_422_2": 0.0, "11_Monnaie_422_2": 0.0, "12_ESPECES_422_2": 0.0, "13_EUR_422_2": 0.0, "14_20.00\u20ac_422_2": 0.3333333333333333, "0_TQ^^_X51005268262_2": 0.5, "1_RECEIPT_X51005268262_2": 0.14285714285714285, "2_WITH_X51005268262_2": 0.5, "3_ORIGINAL_X51005268262_2": 0.0, "4_DAYS_X51005268262_2": 0.0, "5_WITHIN_X51005268262_2": 0.0, "6_PLEASE_X51005268262_2": 0.0, "7_RETURN_X51005268262_2": 0.0, "8_DO_X51005268262_2": 1.0, "9_GOODS_X51005268262_2": 0.8, "10_ANY_X51005268262_2": 0.0, "11_THANK_X51005268262_2": 0.4, "12_YOU_X51005268262_2": 1.0, "0_MINERAL_receipt_00100_0": 0.0, "1_SOO_receipt_00100_0": 1.0, "2_WATER_receipt_00100_0": 0.4, "3_32,000_receipt_00100_0": 0.16666666666666666, "4_2_receipt_00100_0": 1.0, "5_SAM_receipt_00100_0": 1.0, "6_DA_receipt_00100_0": 1.0, "0_0_receipt_00780_1": 0.0, "1_105.000_receipt_00780_1": 0.0, "2_1_receipt_00780_1": 0.0, "3_105.000_receipt_00780_1": 0.0, "4_PAKET_receipt_00780_1": 0.0, "5_NYLON_receipt_00780_1": 0.0, "0_BEAUTE_580_1": 0.0, "1_/_580_1": 1.0, "2_SANTE_580_1": 0.0, "3_/_580_1": 1.0, "4_5.30\u20ac_580_1": 0.4, "5_TOTAL_580_1": 0.0, "6_HYGIENE_580_1": 0.42857142857142855, "7_PHYSIOLOGIQU_580_1": 0.16666666666666666, "8_1.62e_580_1": 0.4, "9_SERUM_580_1": 0.2, "10_FILM_580_1": 0.25, "11_30M_580_1": 0.3333333333333333, "12_1.40\u20ac_580_1": 0.4, "13_DEO_580_1": 0.3333333333333333, "14_BILLE_580_1": 0.0, "15_FEM_580_1": 0.3333333333333333, "16_NART_580_1": 0.25, "17_2.28\u20ac_580_1": 0.4, "18_ALINENTAIRE_580_1": 0.2727272727272727, "19_TOTAL_580_1": 0.2, "20_18.07\u20ac_580_1": 0.3333333333333333, "21_*TABOULE_580_1": 0.125, "22_ORIENTAL_580_1": 0.125, "23_2.45\u20ac_580_1": 0.4, "24_REMISE_580_1": 0.16666666666666666, "25_-1.02\u20ac_580_1": 0.3333333333333333, "26_*KIWI_580_1": 0.4, "27_PIECE_580_1": 0.0, "28_3.00\u20ac_580_1": 0.4, "29_12x_580_1": 0.0, "30_0.25_580_1": 0.25, "31_GARNIE_580_1": 0.0, "32_*CHOUCROUTE_580_1": 0.0, "33_3.90\u20ac_580_1": 0.4, "34_11.35\u20ac_580_1": 0.3333333333333333, "35_0.3401_580_1": 0.0, "36_x_580_1": 0.0, "37_*BRIE_580_1": 0.2, "38_ROITELET_580_1": 0.0, "39_3.86\u20ac_580_1": 0.4, "40_*BAGUETTE_580_1": 0.2222222222222222, "41_BIO_580_1": 0.0, "42_250G_580_1": 0.25, "43_1.20\u20ac_580_1": 0.4, "44_*2.5KG_580_1": 0.16666666666666666, "45_PDT_580_1": 0.6666666666666666, "46_FQC_580_1": 0.6666666666666666, "47_3.69\u20ac_580_1": 0.6, "48_CONS_580_1": 0.0, "49_180G_580_1": 0.25, "50_SCE_580_1": 0.0, "51_TOM_580_1": 0.6666666666666666, "52_AIL_580_1": 0.3333333333333333, "53_0.99\u20ac_580_1": 0.6, "0_ _receipt_00343_0": 2.0, "0_A_397_2": 0.0, "1_BIENTOT_397_2": 0.0, "2_MERCI_397_2": 0.0, "3_VOTRE_397_2": 0.0, "4_DE_397_2": 0.0, "5_VISITE_397_2": 0.0, "0_3_receipt_00612_1": 2.0, "1_Items,_receipt_00612_1": 0.3333333333333333, "2_Kembali_receipt_00612_1": 0.0, "3_13,000_receipt_00612_1": 0.16666666666666666, "4_Cash_receipt_00612_1": 1.0, "5_50,000_receipt_00612_1": 0.6666666666666666, "6_Total_receipt_00612_1": 0.0, "7_P.Rest_receipt_00612_1": 0.0, "8_10_receipt_00612_1": 0.0, "9_%_receipt_00612_1": 0.0, "10_3,364_receipt_00612_1": 0.0, "11_Sub_receipt_00612_1": 0.0, "12_Total_receipt_00612_1": 0.0, "13_33,636_receipt_00612_1": 0.16666666666666666, "14_1_receipt_00612_1": 1.0, "15_1_receipt_00612_1": 1.0, "16_PC_receipt_00612_1": 0.5, "17_CHOCHICKS_receipt_00612_1": 0.1111111111111111, "18_18,636_receipt_00612_1": 0.16666666666666666, "19_1_receipt_00612_1": 0.0, "20_Mocca_receipt_00612_1": 0.0, "21_Float_receipt_00612_1": 0.0, "22_8,636_receipt_00612_1": 0.0, "23_1_receipt_00612_1": 1.0, "24_Mineral_receipt_00612_1": 0.0, "25_Water_receipt_00612_1": 0.2, "26_6,364_receipt_00612_1": 0.0, "0_Change_receipt_00652_1": 0.16666666666666666, "1_2,500_receipt_00652_1": 0.6, "2_Cash_receipt_00652_1": 1.0, "3_20,000_receipt_00652_1": 0.3333333333333333, "4_Awoy_receipt_00652_1": 1.0, "5_Take_receipt_00652_1": 0.25, "6_Total_receipt_00652_1": 0.2, "7_17,500_receipt_00652_1": 0.16666666666666666, "8_1,591_receipt_00652_1": 0.2, "9_PB1_receipt_00652_1": 1.0, "10_(10%)_receipt_00652_1": 0.8, "11_Subtotal_receipt_00652_1": 0.375, "12_15,909_receipt_00652_1": 0.0, "13_TakeQuay_receipt_00652_1": 0.5, "14_Charge_receipt_00652_1": 0.0, "15_909_receipt_00652_1": 1.0, "16_WHDP_receipt_00652_1": 1.0, "17_JR_receipt_00652_1": 1.5, "18_15K_receipt_00652_1": 0.3333333333333333, "19_15,000_receipt_00652_1": 0.16666666666666666, "0_Carrefour_483_2": 0.0, "1_market_483_2": 0.0, "2_AYTRE_483_2": 0.0, "3_TOTAL_483_2": 0.0, "4_NON_483_2": 0.6666666666666666, "5_ALIMENTAIRE_483_2": 0.36363636363636365, "6_1.40\u20ac_483_2": 0.4, "7_100_483_2": 0.3333333333333333, "8_GOBELETS_483_2": 0.125, "9_BLANC_483_2": 0.0, "10_1.40\u20ac_483_2": 0.4, "11_TOTAL_483_2": 0.0, "12_BEAUTE_483_2": 0.0, "13_/_483_2": 1.0, "14_SANTE_483_2": 0.0, "15_HYGIENE_483_2": 0.2857142857142857, "16_10.33\u20ac_483_2": 0.5, "17_HAXFRESH_483_2": 0.0, "18_COLGATE_483_2": 0.0, "19_2.07\u20ac_483_2": 0.4, "20_6RLX_483_2": 0.25, "21_PH_483_2": 0.0, "22_XXL_483_2": 0.0, "23_AQ_483_2": 0.5, "24_3.51\u20ac_483_2": 0.4, "25_BLC_483_2": 0.6666666666666666, "26_1L15_483_2": 0.0, "27_SENS_483_2": 0.0, "28_4.75\u20ac_483_2": 0.4, "29_LENOR_483_2": 0.2, "30_TOTAL_483_2": 0.0, "31_ALIMENTAIRE_483_2": 0.0, "32_59.01\u20ac_483_2": 0.3333333333333333, "33_0.78\u20ac_483_2": 0.4, "34_*TOMATE_483_2": 0.2857142857142857, "35_CERISE_483_2": 0.16666666666666666, "36_*TABOULE_483_2": 0.125, "37_POULET_483_2": 0.0, "38_1.51\u20ac_483_2": 0.4, "39_1.19\u20ac_483_2": 0.4, "40_BOTTE_483_2": 0.0, "41_*RADIS_483_2": 0.16666666666666666, "42_ROSE_483_2": 0.0, "43_1.16\u20ac_483_2": 0.4, "44_*POINTE_483_2": 0.14285714285714285, "45_BRIE_483_2": 0.0, "46_60&NG_483_2": 0.6, "0_2_607_0": 0.0, "1_LOISIR_607_0": 0.0, "2_3.00_607_0": 0.0, "3_6.00_607_0": 0.0, "4_QTE_607_0": 0.0, "5_DESIGNATION_607_0": 0.0, "6_P.U._607_0": 0.5, "7_TOTAL_607_0": 0.0, "8_SAM_607_0": 0.3333333333333333, "9_15_607_0": 0.0, "10_16:35_607_0": 0.2, "11_JUL_607_0": 1.0, "12_2017_607_0": 0.0, "13_TEL_607_0": 0.0, "14_05,46._607_0": 0.3333333333333333, "15_50,62._607_0": 0.3333333333333333, "16_36_607_0": 1.0, "17_17000_607_0": 0.0, "18_ROCHELLE_607_0": 0.0, "19_LA_607_0": 1.0, "20_14_607_0": 0.5, "21_RUE_607_0": 0.0, "22_CHAUDRIER_607_0": 0.1111111111111111, "0_VOTRE_92_2": 0.0, "1_VISITE_92_2": 0.0, "2_MERCI_92_2": 0.0, "3_DE_92_2": 0.0, "4_000152_92_2": 0.0, "5_05/01/2017_92_2": 0.0, "6_13:00:51_92_2": 0.0, "7_0010_92_2": 0.75, "8_004_92_2": 1.0, "0_A_154_1": 0.0, "1_BIENTOT_154_1": 0.0, "2_MERCI_154_1": 0.0, "3_DE_154_1": 0.0, "4_VOTRE_154_1": 0.0, "5_VISITE_154_1": 0.0, "6_0001_154_1": 0.5, "7_003_154_1": 0.0, "8_000080_154_1": 0.0, "9_08/09/2016_154_1": 0.0, "10_12:05:01_154_1": 0.0, "11_CB_154_1": 1.0, "12_EMV_154_1": 0.0, "13_SANS_154_1": 0.0, "14_CONTACT_154_1": 0.0, "15_EUR_154_1": 0.0, "16_6.15\u20ac_154_1": 0.4, "17_ARTICLE(S)_154_1": 0.2, "18_2_154_1": 0.0, "19_TOTAL_154_1": 0.0, "20_A_154_1": 1.0, "21_PAYER_154_1": 0.0, "22_6.15\u20ac_154_1": 0.4, "23_VACHE_154_1": 0.2, "24_A_154_1": 0.0, "25_BOIRE_154_1": 0.0, "26_YRT_154_1": 0.6666666666666666, "27_1.926_154_1": 0.4, "28_SALADE_154_1": 0.16666666666666666, "29_VENEZIA_154_1": 0.14285714285714285, "30_4.23\u20ac_154_1": 0.4, "31_DESCRIPTION_154_1": 0.18181818181818182, "32_QTE_154_1": 1.0, "33_MONTANT_154_1": 0.2857142857142857, "0_32,000_receipt_00209_0": 0.0, "1_2_receipt_00209_0": 0.0, "2_CHOCOLATE_receipt_00209_0": 0.0, "3_TWIST_receipt_00209_0": 0.0, "4_20,000_receipt_00209_0": 0.0, "5_2_receipt_00209_0": 0.0, "6_TWIST_receipt_00209_0": 0.0, "7_ORANGE_receipt_00209_0": 0.0, "8_CHOCO_receipt_00209_0": 0.6, "9_DONUT_receipt_00209_0": 0.8, "0_Kembali:_receipt_00405_1": 0.25, "1_0,00_receipt_00405_1": 0.5, "2_Bayar:_receipt_00405_1": 0.0, "3_130.000,00_receipt_00405_1": 0.0, "4_Total:_receipt_00405_1": 0.0, "5_130.000,00_receipt_00405_1": 0.1, "6_1,000_receipt_00405_1": 0.0, "7_130.000,00_receipt_00405_1": 0.0, "8_130.000,00_receipt_00405_1": 0.0, "9_C_receipt_00405_1": 1.0, "10_0613800221_receipt_00405_1": 0.1, "11_HOME_receipt_00405_1": 0.75, "12_CHARGER+KABEL_receipt_00405_1": 0.07692307692307693, "13_138_receipt_00405_1": 0.6666666666666666, "14_IP5_receipt_00405_1": 1.0, "15_TS_receipt_00405_1": 1.0, "0_ _receipt_00433_0": 2.0, "0_:_108_0": 1.0, "1_Tel_108_0": 0.0, "2_LA_108_0": 1.0, "3_ROCHELLE_108_0": 0.0, "4_17000_108_0": 0.0, "5_DE_108_0": 0.0, "6_LA_108_0": 0.0, "7_SCIERIE_108_0": 0.0, "8_33_108_0": 0.0, "9_RUE_108_0": 0.0, "10_ROCHELLE_108_0": 0.0, "11_CRF-CITY_108_0": 0.0, "12_LA_108_0": 0.0, "0_BIENTOT_377_2": 0.0, "1_A_377_2": 0.0, "2_MERCI_377_2": 0.0, "3_DE_377_2": 0.0, "4_VOTRE_377_2": 0.0, "5_VISITE_377_2": 0.0, "0_135,500_receipt_00610_1": 0.0, "1_DEBIT_receipt_00610_1": 0.0, "2_135,500_receipt_00610_1": 0.0, "3_Dine_receipt_00610_1": 0.0, "4_In_receipt_00610_1": 0.0, "5_Total_receipt_00610_1": 0.0, "6_1_receipt_00610_1": 2.0, "7_Round_receipt_00610_1": 0.2, "8_12,318_receipt_00610_1": 0.0, "9_PB1_receipt_00610_1": 0.3333333333333333, "10_(10%)_receipt_00610_1": 0.2, "11_123,181_receipt_00610_1": 0.0, "12_Subtotal_receipt_00610_1": 0.0, "13_MS_receipt_00610_1": 1.0, "14_SWISS_receipt_00610_1": 0.0, "15_36,818_receipt_00610_1": 0.16666666666666666, "16_ML_receipt_00610_1": 1.0, "17_MED_receipt_00610_1": 0.3333333333333333, "18_13,636_receipt_00610_1": 0.0, "19_BOGO_receipt_00610_1": 0.5, "20_CHEESY_receipt_00610_1": 0.3333333333333333, "21_RASHER_receipt_00610_1": 0.16666666666666666, "22_Kupon_receipt_00610_1": 0.2, "23_22,727_receipt_00610_1": 0.5, "24_4_receipt_00610_1": 1.0, "25_Kupon_receipt_00610_1": 0.0, "26_42,727_receipt_00610_1": 0.3333333333333333, "27_7_receipt_00610_1": 1.0, "0_107.100_receipt_00558_1": 0.0, "1_SHABU_receipt_00558_1": 0.6, "2_ADULT_receipt_00558_1": 0.4, "3_YAKI_receipt_00558_1": 0.25, "4_178.500_receipt_00558_1": 0.2857142857142857, "0_BIENTOT_61_4": 0.0, "0_ARTICLE_225_1": 0.0, "1_(S)_225_1": 0.6666666666666666, "2_TOTAL_225_1": 0.0, "3_AVANT_225_1": 0.2, "4_RENISES_225_1": 0.0, "5_9.21\u20ac_225_1": 0.4, "6_TOTAL_225_1": 0.0, "7_NON_225_1": 0.0, "8_ALIMENTAIRE_225_1": 0.0, "9_0.15\u20ac_225_1": 0.4, "10_POIGN_225_1": 0.2, "11_SAC_225_1": 0.0, "12_0.15\u20ac_225_1": 0.4, "13_TOTAL_225_1": 0.0, "14_ALIMENTAIRE_225_1": 0.2727272727272727, "15_8.17\u20ac_225_1": 0.6, "16_*OPERA_225_1": 0.16666666666666666, "17_6/8_225_1": 0.3333333333333333, "18_PARTS_225_1": 0.0, "19_5.50\u20ac_225_1": 0.4, "20_-0.44\u20ac_225_1": 0.3333333333333333, "21_REMISE_225_1": 0.16666666666666666, "22_0.89\u20ac_225_1": 0.4, "23_REMISE_225_1": 0.0, "24_-0.45\u20ac_225_1": 0.3333333333333333, "25_0.89\u20ac_225_1": 0.4, "26_*CR.DESSER.CAFE_225_1": 0.2, "27_CRF_225_1": 0.0, "28_0.89\u20ac_225_1": 0.4, "29_*1L_225_1": 0.0, "30_LAIT_225_1": 0.0, "31_UHT_225_1": 0.3333333333333333, "32_1/2ECR_225_1": 0.0, "33_0.89\u20ac_225_1": 0.4, "0_DESCRIPTION_157_0": 0.0, "1_QTE_157_0": 1.0, "2_MONTANT_157_0": 0.42857142857142855, "3_:_157_0": 1.0, "4_Tel_157_0": 0.0, "5_17000_157_0": 0.0, "6_LA_157_0": 0.5, "7_ROCHELLE_157_0": 0.0, "8_33_157_0": 0.0, "9_LA_157_0": 0.5, "10_RUE_157_0": 0.0, "11_DE_157_0": 0.0, "12_SCIERIE_157_0": 0.14285714285714285, "13_LA_157_0": 0.5, "14_ROCHELLE_157_0": 0.0, "15_CRF-CITY_157_0": 0.375, "0_Change:_receipt_00548_1": 0.2857142857142857, "1_14.000_receipt_00548_1": 0.6666666666666666, "2_Tendered:_receipt_00548_1": 0.3333333333333333, "3_100.000_receipt_00548_1": 0.14285714285714285, "4_Cash_receipt_00548_1": 0.75, "5_Total._receipt_00548_1": 0.3333333333333333, "6_86.000_receipt_00548_1": 0.16666666666666666, "7_Total_receipt_00548_1": 1.0, "8_Item:_receipt_00548_1": 0.6, "9_5_receipt_00548_1": 1.0, "10_0_receipt_00548_1": 3.0, "11_x1_receipt_00548_1": 1.0, "12_0_receipt_00548_1": 1.0, "13_6002-Plastic_receipt_00548_1": 0.4166666666666667, "14_Bag_receipt_00548_1": 0.3333333333333333, "15_Medium_receipt_00548_1": 0.8333333333333334, "16_22.000_receipt_00548_1": 0.8333333333333334, "17_x3_receipt_00548_1": 1.0, "18_66.000_receipt_00548_1": 1.0, "19_1001-Choco_receipt_00548_1": 0.6, "20_Bun_receipt_00548_1": 1.0, "21_20.000_receipt_00548_1": 1.0, "22_x1_receipt_00548_1": 1.0, "23_20.000_receipt_00548_1": 1.1666666666666667, "24_Puding_receipt_00548_1": 0.6666666666666666, "25_1057-French_receipt_00548_1": 0.45454545454545453, "26_Bread_receipt_00548_1": 1.0, "0_1,46_703_1": 0.5, "1_3,00_703_1": 0.25, "2_0,485_703_1": 0.2, "3_BROCOLIS_703_1": 0.0, "4_1,29_703_1": 0.5, "5_3,80_703_1": 0.25, "6_0,340_703_1": 0.2, "7_CHOU_703_1": 0.0, "8_CHINOIS_703_1": 0.0, "9_1,19_703_1": 0.75, "10_4,50_703_1": 0.25, "11_0,265_703_1": 0.2, "12_BLETTE_703_1": 0.0, "13_1,69_703_1": 1.0, "14_0,345_703_1": 0.2, "15_4,90_703_1": 0.0, "16_ENDIVE_703_1": 0.0, "17_0,90_703_1": 0.25, "18_0,90_703_1": 0.5, "19_Art_703_1": 0.0, "20_1_703_1": 0.0, "21_x_703_1": 0.0, "22_SALADE_703_1": 0.0, "23_10,_703_1": 0.0, "24_0,70_703_1": 0.25, "25_0,070_703_1": 0.0, "26_00_703_1": 0.0, "27_MACHE_703_1": 0.0, "0_17,818_receipt_00666_1": 0.16666666666666666, "1_TAX_receipt_00666_1": 1.0, "2_SUBTOTAL_receipt_00666_1": 0.375, "3_FRAPE_receipt_00666_1": 0.4, "4_COLD_receipt_00666_1": 0.75, "5_1_receipt_00666_1": 1.0, "6_BREAD_receipt_00666_1": 0.6, "7_GARLICHEESE_receipt_00666_1": 0.18181818181818182, "8_1_receipt_00666_1": 1.0, "9_27,273_receipt_00666_1": 1.0, "10_HOUR_receipt_00666_1": 0.75, "11_HAPPY_receipt_00666_1": 0.4, "12_PAKET_receipt_00666_1": 0.4, "13_1_receipt_00666_1": 3.0, "14_32,728_receipt_00666_1": 0.16666666666666666, "15_REGULA_receipt_00666_1": 0.16666666666666666, "16_LIPTON_receipt_00666_1": 0.0, "17_ICE_receipt_00666_1": 0.3333333333333333, "18_TEA_receipt_00666_1": 0.3333333333333333, "19_2_receipt_00666_1": 2.0, "20_BOTTLE_receipt_00666_1": 0.0, "21_AQUA_receipt_00666_1": 0.5, "22_1_receipt_00666_1": 3.0, "0_CARTE_488_2": 0.0, "1_BANCAIRE_488_2": 0.0, "2_EMV_488_2": 0.0, "3_EUR_488_2": 0.0, "4_70.74\u20ac_488_2": 0.3333333333333333, "5_31_488_2": 0.5, "6_ARTICLE_488_2": 0.0, "7_(S)_488_2": 1.0, "8_TOTAL_488_2": 0.2, "9_A_488_2": 0.0, "10_PAYER_488_2": 0.0, "11_70.74\u20ac_488_2": 0.3333333333333333, "12_ALIMENTAIRE_488_2": 0.09090909090909091, "13_TOTAL_488_2": 0.0, "14_NON_488_2": 0.0, "15_1.40\u20ac_488_2": 0.4, "16_100_488_2": 0.0, "17_GOBELETS_488_2": 0.0, "18_BLANC_488_2": 0.0, "19_1.40\u20ac_488_2": 0.4, "20_TOTAL_488_2": 0.0, "21_/_488_2": 1.0, "22_BEAUTE_488_2": 0.0, "23_SANTE_488_2": 0.0, "24_HYGIENE_488_2": 0.0, "25_10.33\u20ac_488_2": 0.3333333333333333, "26_MAXFRESH_488_2": 0.125, "27_COLGATE_488_2": 0.0, "28_2.07\u20ac_488_2": 0.4, "29_6RLX_488_2": 0.25, "30_PH_488_2": 0.0, "31_XXL_488_2": 0.6666666666666666, "32_BLC_488_2": 0.0, "33_AQ_488_2": 1.0, "34_3.51\u20ac_488_2": 0.4, "35_1L15_488_2": 0.5, "36_SENS_488_2": 0.0, "37_LENOR_488_2": 0.0, "38_4.75\u20ac_488_2": 0.4, "39_TOTAL_488_2": 0.0, "40_ALIMENTAIRE_488_2": 0.18181818181818182, "41_59.01\u20ac_488_2": 0.0, "0_EUR_243_2": 0.0, "1_BANCAIRE_243_2": 0.0, "2_42.49\u20ac_243_2": 0.3333333333333333, "3_EMV_243_2": 0.0, "4_CARTE_243_2": 0.0, "5_ARTICLE(S)_243_2": 0.0, "6_PAYER_243_2": 0.0, "7_42.49\u20ac_243_2": 0.3333333333333333, "8_22_243_2": 0.0, "9_TOTAL_243_2": 0.0, "10_A_243_2": 0.0, "11_/_243_2": 1.0, "12_/_243_2": 1.0, "13_3.65\u20ac_243_2": 0.4, "14_TOTAL_243_2": 0.0, "15_BEAUTE_243_2": 0.0, "16_SANTE_243_2": 0.0, "17_HYGIENE_243_2": 0.14285714285714285, "18_3.65\u20ac_243_2": 0.4, "19_AXE_243_2": 0.0, "20_DEO_243_2": 0.0, "21_PEACE_243_2": 0.0, "22_150_243_2": 0.0, "23_ALINENTAIRE_243_2": 0.09090909090909091, "24_38.84\u20ac_243_2": 0.3333333333333333, "25_TOTAL_243_2": 0.6, "26_CERISE_243_2": 0.0, "27_IMP_243_2": 1.0, "28_0.99\u20ac_243_2": 0.4, "29_*TOMATE_243_2": 0.0, "30_2X125G_243_2": 0.16666666666666666, "31_STEAK_243_2": 0.0, "32_HACHE_243_2": 0.0, "33_3.00\u20ac_243_2": 0.4, "34_BANANE_243_2": 0.0, "35_P.PRIX_243_2": 0.0, "36_0.87\u20ac_243_2": 0.4, "37_*ST_243_2": 1.0, "38_MULTIFR.CRF_243_2": 0.09090909090909091, "39_1.86\u20ac_243_2": 0.4, "40_*PJ_243_2": 1.0, "41_1.90\u20ac_243_2": 0.4, "42_*PASTIN_243_2": 0.0, "43_MULTICEREAL_243_2": 0.0, "0_+Ice_receipt_00765_0": 0.75, "1_Viet_receipt_00765_0": 0.0, "2_1_receipt_00765_0": 1.0, "3_Milk_receipt_00765_0": 0.5, "4_Coffee_receipt_00765_0": 0.16666666666666666, "5_25.000_receipt_00765_0": 0.0, "0_A_423_2": 0.0, "1_BIENTOT_423_2": 0.0, "2_MERCI_423_2": 0.0, "3_DE_423_2": 0.0, "4_VOTRE_423_2": 0.0, "5_VISITE_423_2": 0.0, "0_3,00_605_1": 0.25, "1_1,50_605_1": 0.0, "2_Art_605_1": 0.0, "3_2_605_1": 0.0, "4_x_605_1": 0.0, "5_avocat_605_1": 0.0, "6_1,80_605_1": 0.25, "7_3,40_605_1": 0.25, "8_0,530_605_1": 0.2, "9_jaune_605_1": 0.2, "10_peche_605_1": 0.0, "11_3,71_605_1": 1.25, "12_3,40_605_1": 0.5, "13_1,090_605_1": 1.0, "14_brugnon_605_1": 0.14285714285714285, "15_blanc_605_1": 0.0, "16_3,78_605_1": 0.0, "17_3,90_605_1": 1.0, "18_0,970_605_1": 0.2, "19_abricot_605_1": 0.0, "20_/kg_605_1": 0.0, "21_kg_605_1": 0.0, "0_ _receipt_00761_0": 2.0, "0_*0.99\u20ac_489_1": 0.5, "1_FRUITS_489_1": 0.0, "2_1.51\u20ac_489_1": 0.4, "3_*FR.FRAIS_489_1": 0.1111111111111111, "4_0&MG_489_1": 0.75, "5_CRF_489_1": 0.3333333333333333, "6_1.19\u20ac_489_1": 0.4, "7_*FL_489_1": 0.3333333333333333, "8_500G_489_1": 0.25, "9_CITRON_489_1": 0.0, "10_PP_489_1": 1.0, "11_EXC.NOIR_489_1": 0.125, "12_85%_489_1": 0.3333333333333333, "13_LINDT_489_1": 0.0, "14_1.54\u20ac_489_1": 0.4, "15_3.42\u20ac_489_1": 0.4, "16_*EMMENTAL_489_1": 0.3333333333333333, "17_FRANCAIS_489_1": 0.0, "18_3.15\u20ac_489_1": 0.4, "19_DOSETTE_489_1": 0.0, "20_CORSE_489_1": 0.0, "21_CRF_489_1": 0.0, "22_SSA_489_1": 1.0, "23_POM/PO_489_1": 0.3333333333333333, "24_1.90\u20ac_489_1": 0.6, "25_*DESSERT_489_1": 0.125, "26_1.00\u20ac_489_1": 0.4, "27_NOIR_489_1": 0.25, "28_EXTRA_489_1": 0.0, "29_*DANETTE_489_1": 0.125, "30_0.92\u20ac_489_1": 0.6, "31_EMINCE_489_1": 0.0, "32_*CHAMPIGON_489_1": 0.1, "33_1.14\u20ac_489_1": 0.4, "34_OEUF_489_1": 0.0, "35_GROS_489_1": 0.25, "36_EXTRA_489_1": 0.0, "37_1.23\u20ac_489_1": 0.4, "38_500G_489_1": 0.25, "39_COUSCOUS_489_1": 1.0, "40_CPLT_489_1": 0.25, "41_1.95\u20ac_489_1": 0.4, "42_*4X100G_489_1": 0.2857142857142857, "43_YOPA_489_1": 0.75, "44_0%_489_1": 0.5, "45_LIT_489_1": 0.6666666666666666, "46_ECR.REGILA_489_1": 0.0, "47_1.94e_489_1": 0.4, "48_*300G_489_1": 0.2, "49_LT_489_1": 1.0, "50_2.97\u20ac_489_1": 0.4, "51_*2X1/4_489_1": 0.16666666666666666, "52_THON_489_1": 0.25, "53_ALB.CRF_489_1": 0.14285714285714285, "54_2.60\u20ac_489_1": 0.4, "55_*200G_489_1": 0.4, "56_PAP_489_1": 0.0, "57_SAUN_489_1": 0.25, "58_CIB_489_1": 0.6666666666666666, "59_0.81\u20ac_489_1": 0.4, "60_F_489_1": 0.0, "61_140G_489_1": 0.25, "62_MOUTARDE_489_1": 0.125, "63_MI_489_1": 1.0, "0_Change:_receipt_00217_1": 0.8571428571428571, "1_Temdered:_receipt_00217_1": 0.7777777777777778, "2_Cash_receipt_00217_1": 1.0, "3_Total._receipt_00217_1": 0.3333333333333333, "4_Total_receipt_00217_1": 0.6, "5_Item:_receipt_00217_1": 0.0, "6_2_receipt_00217_1": 1.0, "7_0_receipt_00217_1": 2.0, "8_0_receipt_00217_1": 1.0, "9_x1_receipt_00217_1": 0.0, "10_Bag_receipt_00217_1": 0.0, "11_Small_receipt_00217_1": 0.2, "12_22.000_receipt_00217_1": 0.0, "13_22,000_receipt_00217_1": 0.5, "14_x1_receipt_00217_1": 1.0, "0_NET TOTAL:_receipt_00763_1": 0.3, "1_399000.00_receipt_00763_1": 0.1111111111111111, "2_399000.00_receipt_00763_1": 0.2222222222222222, "3_NO COLOR, 4_receipt_00763_1": 0.0, "4_BK000004_receipt_00763_1": 0.625, "5_399000.00_receipt_00763_1": 0.3333333333333333, "6_SKE82285LB_receipt_00763_1": 0.2, "7_399000.00_receipt_00763_1": 0.3333333333333333, "8_1_receipt_00763_1": 1.0, "0_CHANGE DUE_receipt_00339_1": 0.9, "1_12,000_receipt_00339_1": 0.0, "2_CASHIDR_receipt_00339_1": 0.5714285714285714, "3_50,000_receipt_00339_1": 0.0, "4_GRAND TOTAL_receipt_00339_1": 0.0, "5_38,000_receipt_00339_1": 0.0, "6_SUB TOTAL_receipt_00339_1": 0.8888888888888888, "7_38,000_receipt_00339_1": 0.16666666666666666, "0_CB_796_1": 0.0, "1_CARTE_796_1": 0.0, "2_41.30_796_1": 0.0, "3_Net_796_1": 0.0, "4_8.26_796_1": 0.0, "5_TVA_796_1": 0.0, "6_%_796_1": 1.0, "7_20.00_796_1": 0.0, "8_Prix_796_1": 0.0, "0_QTE_567_0": 0.3333333333333333, "1_MONTANT_567_0": 0.14285714285714285, "2_DESCRIPTION_567_0": 0.0, "3_chez_567_0": 0.0, "4_Carrefour_567_0": 0.0, "5_Market_567_0": 0.0, "6_Bienvenue_567_0": 0.0, "7_Dimanche_567_0": 0.0, "8_9H00_567_0": 0.75, "9_12H30_567_0": 0.0, "10_Samedi_567_0": 0.0, "11_de_567_0": 0.0, "12_19H30_567_0": 0.0, "13_Lundi_567_0": 0.0, "14_au_567_0": 0.5, "15_8H30_567_0": 0.25, "16_a_567_0": 0.0, "17_98_567_0": 0.0, "18_98_567_0": 0.0, "19_Tel_567_0": 0.0, "20_04_567_0": 0.0, "21_66_567_0": 0.0, "22_88_567_0": 0.0, "23_VAUVERT_567_0": 0.0, "0_J'OPTIMISME_583_3": 0.09090909090909091, "1_19:26_583_3": 0.0, "2_0045117_583_3": 0.0, "3_0074_583_3": 0.0, "4_417_583_3": 0.6666666666666666, "5_12.06.17_583_3": 0.125, "6_CARTE(S)_583_3": 0.0, "7_A_583_3": 0.0, "8_GRATTER_583_3": 0.14285714285714285, "9_(4_583_3": 1.0, "10_MAXI)_583_3": 0.0, "11_2.0_583_3": 0.0, "12_CARREFOUR_583_3": 0.0, "13_VOUS_583_3": 1.0, "14_OFFRE_583_3": 0.0, "0_Reste_697_2": 0.0, "1_76.67_697_2": 0.0, "2_imnediat_697_2": 0.125, "3_3.72_697_2": 0.25, "4_Bon_697_2": 0.0, "5_80.39_697_2": 0.0, "6_articles_697_2": 0.0, "7_Total_697_2": 0.0, "8_19_697_2": 0.0, "9_3.95_697_2": 0.75, "10_CUIL+FOURCH+COUT_697_2": 0.0, "11_COUVERTS_697_2": 0.0, "12_INOX_697_2": 0.25, "13_1_697_2": 0.0, "14_5.50_697_2": 0.0, "15_5_697_2": 1.0, "16_BAVOIR_697_2": 0.0, "17_X2_697_2": 0.5, "18_IMP+_697_2": 0.75, "19_UNI_697_2": 0.3333333333333333, "20_5.90_697_2": 0.0, "21_RENOJUNIOR_697_2": 0.0, "22_BOX_697_2": 0.0, "23_REH_697_2": 0.0, "24_BAS_697_2": 0.0, "25_GOUPILLON_697_2": 0.0, "26_LARGE_697_2": 0.0, "27_XXL_697_2": 0.0, "28_2.90_697_2": 0.0, "29_2EN1_697_2": 0.25, "30_COL_697_2": 1.0, "31_2.90_697_2": 0.0, "32_5_697_2": 0.0, "33_+12M_697_2": 0.25, "34_PETIT_697_2": 0.0, "35_DEJ_697_2": 0.0, "36_AIRC_697_2": 0.25, "37_2_697_2": 0.0, "38_TETINES_697_2": 0.0, "39_PUERICULTURE_697_2": 0.08333333333333333, "40_12M,_697_2": 0.25, "41_9.90_697_2": 0.0, "42_5_697_2": 0.0, "43_X7_697_2": 1.0, "44_FILLE_697_2": 0.0, "45_P_697_2": 1.0, "46_1P_697_2": 0.5, "47_BODY_697_2": 0.0, "48_ML_697_2": 0.5, "49_PERMANENT_697_2": 0.0, "50_TEXTILE_697_2": 0.0, "51_>>>_697_2": 0.3333333333333333, "52_2.33\u20ac_697_2": 0.4, "53_13.98_697_2": 0.0, "54_2_697_2": 0.0, "55_6_697_2": 0.0, "0_ _receipt_00313_0": 0.0, "0_172.500_receipt_00774_1": 0.0, "1_7.500_receipt_00774_1": 0.0, "2_Ser_receipt_00774_1": 0.0, "3_5%_receipt_00774_1": 0.0, "4_15.000_receipt_00774_1": 0.0, "5_10%_receipt_00774_1": 0.0, "6_PPN_receipt_00774_1": 0.3333333333333333, "7_150.000_receipt_00774_1": 0.0, "8_Subtotal_receipt_00774_1": 0.0, "0_-13.00\u20ac_544_1": 0.2857142857142857, "1_Votre_544_1": 0.0, "2_Monnaie_544_1": 0.0, "3_20.35\u20ac_544_1": 0.3333333333333333, "4_ESPECES_544_1": 0.0, "5_EUR_544_1": 0.0, "6_7.35\u20ac_544_1": 0.4, "7_ARTICLE(S)_544_1": 0.0, "8_A_544_1": 1.0, "9_PAYER_544_1": 0.0, "10_4_544_1": 0.0, "11_TOTAL_544_1": 0.8, "12_4.18\u20ac_544_1": 0.4, "13_OSEILLE/RIZ_544_1": 0.0, "14_*SAUMON_544_1": 0.2857142857142857, "15_2.50\u20ac/kg_544_1": 0.125, "16_0.194kg_544_1": 0.14285714285714285, "17_x_544_1": 0.0, "18_0.49\u20ac_544_1": 0.4, "19_POMME_544_1": 0.4, "20_ROUGE_544_1": 0.0, "21_*F_544_1": 0.5, "22_1.08\u20ac_544_1": 0.4, "23_CHOC_544_1": 0.0, "24_NOIR_544_1": 0.0, "25_80%_544_1": 0.0, "26_*80G_544_1": 0.5, "27_1.60\u20ac_544_1": 0.4, "28_CAROTTE_544_1": 0.0, "29_RAPE_544_1": 0.0, "30_BI_544_1": 0.5, "31_*200G_544_1": 0.4, "32_MONTANT_544_1": 0.14285714285714285, "33_QTE_544_1": 0.3333333333333333, "34_DESCRIPTION_544_1": 0.0, "0_T-CASH_receipt_00216_1": 0.16666666666666666, "0_MARSEILLE_769_2": 0.0, "1_13009_769_2": 0.0, "2_:_769_2": 1.0, "3_18_769_2": 0.0, "4_Jacques_769_2": 0.14285714285714285, "5_Reattu_769_2": 0.0, "6_Rue_769_2": 0.0, "7_Siege_769_2": 0.2, "8_Social_769_2": 0.0, "9_ROUTE_769_2": 0.0, "10_BONNE_769_2": 0.0, "11_DE_769_2": 0.0, "12_VOTRE_769_2": 0.0, "13_VISITE_769_2": 0.16666666666666666, "14_MERCI_769_2": 0.2, "15_Servi_769_2": 0.0, "0_\u20ac_700_1": 1.0, "1_Escalopes_700_1": 0.0, "2_12,40_700_1": 0.0, "3_dinde_700_1": 0.0, "4_\u20ac_700_1": 0.0, "5_poulet_700_1": 0.0, "6_10,35_700_1": 0.2, "7_Filet_700_1": 0.0, "8_1k_700_1": 0.0, "9_\u20ac_700_1": 0.0, "10_4,00_700_1": 0.0, "11_2,00_700_1": 0.25, "12_\u20ac_700_1": 1.0, "13_*Chili_700_1": 0.16666666666666666, "14_Carne_700_1": 0.0, "15_FE_700_1": 0.0, "16_2,00_700_1": 0.0, "17_4,00_700_1": 0.0, "18_2_700_1": 0.0, "19_\u20ac_700_1": 0.0, "20_*Poulet/pate_700_1": 0.0, "21_FE_700_1": 0.0, "22_4,00\u20ac_700_1": 0.6, "23_2,00_700_1": 0.0, "24_2_700_1": 0.0, "25_basquai_700_1": 0.0, "26_*Poulet_700_1": 0.0, "27_2,00_700_1": 0.25, "28_4,00\u20ac_700_1": 0.6, "29_2_700_1": 0.0, "30_pestoFE_700_1": 0.0, "31_*Poulet_700_1": 0.0, "32_2,00_700_1": 0.0, "33_*Tartiflette_700_1": 0.08333333333333333, "34_FE_700_1": 0.0, "35_\u20ac_700_1": 0.0, "36_5,00_700_1": 0.0, "37_2,50_700_1": 0.25, "38_2_700_1": 0.0, "39_\u20ac_700_1": 0.0, "0_22.500_receipt_00730_2": 0.3333333333333333, "1_Kembalian_receipt_00730_2": 0.1111111111111111, "2_50.000_receipt_00730_2": 0.16666666666666666, "3_CASH_receipt_00730_2": 0.25, "4_27.500_receipt_00730_2": 0.0, "5_2.500_receipt_00730_2": 0.0, "6_Pajak_receipt_00730_2": 0.6, "7_25.000_receipt_00730_2": 0.16666666666666666, "8_Subtotal_receipt_00730_2": 0.125, "0_03/12/2016_225_2": 0.1, "1_0123_225_2": 0.0, "2_002_225_2": 0.0, "3_000360_225_2": 0.0, "4_16:54:25_225_2": 0.0, "5_:_225_2": 1.0, "6_Carte_225_2": 0.0, "7_CARTE_225_2": 0.0, "8_BANCAIRE_225_2": 0.0, "9_EMV_225_2": 0.3333333333333333, "10_EUR_225_2": 0.0, "11_8.32\u20ac_225_2": 0.6, "12_(S)_225_2": 0.6666666666666666, "13_ARTICLE_225_2": 0.0, "14_TOTAL_225_2": 0.0, "15_A_225_2": 0.0, "16_PAYER_225_2": 0.0, "17_8.32\u20ac_225_2": 0.4, "18_TOTAL_225_2": 0.0, "19_DES_225_2": 0.0, "20_AVANTAGES_225_2": 0.3333333333333333, "21_DU_225_2": 0.5, "22_JOUR_225_2": 0.0, "23_-0.89\u20ac_225_2": 0.3333333333333333, "24_-0.89\u20ac_225_2": 0.3333333333333333, "25_TOTAL_225_2": 0.0, "26_REMISES_225_2": 0.14285714285714285, "27_IMMEDIATES_225_2": 0.3, "0_Pay_receipt_00172_1": 0.0, "1_Change_receipt_00172_1": 0.16666666666666666, "2_10,000_receipt_00172_1": 0.16666666666666666, "3_Cash_receipt_00172_1": 0.0, "4_50,000_receipt_00172_1": 0.16666666666666666, "5_Total_receipt_00172_1": 0.4, "6_40,000_receipt_00172_1": 0.0, "7_ITEMS:_receipt_00172_1": 0.0, "8_40,000_receipt_00172_1": 0.0, "9_1_receipt_00172_1": 1.0, "10_1_receipt_00172_1": 0.0, "11_- Pedas_receipt_00172_1": 0.2857142857142857, "12_0_receipt_00172_1": 0.0, "13_Crspy_receipt_00172_1": 0.2, "14_40,000_receipt_00172_1": 0.0, "15_1_receipt_00172_1": 1.0, "16_XXL_receipt_00172_1": 0.6666666666666666, "17_Chicken_receipt_00172_1": 0.0, "0_*LENTILLES_242_1": 0.0, "1_CRF_242_1": 0.0, "2_0.45\u20ac_242_1": 0.4, "3_*LEGUME_242_1": 0.14285714285714285, "4_DU_242_1": 1.0, "5_SUD_242_1": 1.0, "6_1L_242_1": 1.0, "7_2.15\u20ac_242_1": 0.4, "8_HAL_242_1": 0.0, "9_3.71\u20ac_242_1": 0.4, "10_KG_242_1": 0.5, "11_ESCALOP_242_1": 0.0, "12_DDE_242_1": 0.0, "13_KG_242_1": 1.0, "14_CUISSE_242_1": 0.0, "15_PLT_242_1": 0.0, "16_BLC_242_1": 0.3333333333333333, "17_2.55\u20ac_242_1": 0.4, "18_1.42\u20ac_242_1": 0.4, "19_KG_242_1": 0.5, "20_CUISSE_242_1": 0.16666666666666666, "21_PLT_242_1": 0.0, "22_BLC_242_1": 0.0, "23_*FR.FRAIS_242_1": 0.1111111111111111, "24_0&MG_242_1": 0.75, "25_CRF_242_1": 0.0, "26_1.51\u20ac_242_1": 0.4, "27_1.49\u20ac_242_1": 0.4, "28_*FLT_242_1": 0.25, "29_500G_242_1": 0.25, "30_ECHALOTE_242_1": 0.0, "31_1.22\u20ac_242_1": 0.4, "32_2.17\u20ac_242_1": 0.2, "33_*CLEMENTINE_242_1": 0.09090909090909091, "34_MOYENNE_242_1": 0.14285714285714285, "35_1.14\u20ac_242_1": 0.4, "36_*550G_242_1": 0.4, "37_MAXI_242_1": 0.5, "38_JAC_242_1": 0.6666666666666666, "39_COMP_242_1": 0.75, "40_YOPA_242_1": 0.25, "41_0%_242_1": 0.5, "42_1.42\u20ac_242_1": 0.4, "43_*4X100G_242_1": 0.14285714285714285, "44_LIT_242_1": 0.6666666666666666, "45_1.42\u20ac_242_1": 0.4, "46_0%_242_1": 0.5, "47_LIT_242_1": 1.0, "48_*4X100G_242_1": 0.14285714285714285, "49_YOPA_242_1": 1.0, "50_1.94\u20ac_242_1": 0.4, "51_*300G_242_1": 0.2, "52_LT_242_1": 1.0, "53_ECR.REGILA_242_1": 0.1, "54_*2X1/4_242_1": 0.16666666666666666, "55_THON_242_1": 0.0, "56_2.97\u20ac_242_1": 0.2, "57_ALB.CRF_242_1": 0.0, "58_2.65\u20ac_242_1": 0.4, "59_MIEL_242_1": 0.25, "60_ORANGER_242_1": 0.0, "61_250G_242_1": 0.25, "62_MOYEN_242_1": 0.4, "63_2.45\u20ac_242_1": 0.4, "64_12_242_1": 0.5, "65_OEUFS_242_1": 0.0, "66_PPA_242_1": 0.3333333333333333, "0_ _receipt_00676_0": 4.0, "0_J'OPTIMISME_582_3": 0.09090909090909091, "1_20.06.17_582_3": 0.0, "2_19:20_582_3": 0.0, "3_0045116_582_3": 0.14285714285714285, "4_0096_582_3": 0.5, "5_416_582_3": 1.0, "6_CARTE(S)_582_3": 0.0, "7_A_582_3": 0.0, "8_GRATTER_582_3": 0.0, "9_(4_582_3": 1.5, "10_MAXI)_582_3": 0.2, "11_1.0_582_3": 0.0, "0_8.500,00_receipt_00109_0": 0.125, "1_8.500,00_receipt_00109_0": 0.25, "2_x1_receipt_00109_0": 1.0, "3_1069-ROTI_receipt_00109_0": 0.3333333333333333, "4_KEJU_receipt_00109_0": 0.5, "5_COKLAT_receipt_00109_0": 0.3333333333333333, "0_Vignette(s)_226_4": 0.0, "1_par_226_4": 0.0, "2_operation_226_4": 0.0, "3_vous_226_4": 0.0, "4_avez_226_4": 0.0, "5_cumule_226_4": 0.0, "6_7.0_226_4": 0.0, "7_Bravo_226_4": 0.2, "8_A_226_4": 1.0, "9_bientot_226_4": 0.14285714285714285, "10_remercie_226_4": 0.0, "11_de_226_4": 0.0, "12_votre_226_4": 0.0, "13_visite_226_4": 0.0, "14_Vous_226_4": 0.0, "15_MARKET_226_4": 0.0, "16_CARREFOUR_226_4": 0.0, "17_AYTRE_226_4": 0.0, "0_Change:_receipt_00480_1": 0.14285714285714285, "1_Rp 71000.00_receipt_00480_1": 0.8181818181818182, "2_Customer_receipt_00480_1": 0.0, "3_Rp 100000.00_receipt_00480_1": 0.75, "4_Customer_receipt_00480_1": 0.0, "5_Paid_receipt_00480_1": 0.0, "6_Cash:_receipt_00480_1": 0.2, "7_Rp 29000.00_receipt_00480_1": 0.45454545454545453, "8_Total:_receipt_00480_1": 0.0, "9_29000.00_receipt_00480_1": 0.125, "10_Subtotal:_receipt_00480_1": 0.0, "11_Rp 29000.00_receipt_00480_1": 0.09090909090909091, "12_Pc_receipt_00480_1": 1.0, "13_*1_receipt_00480_1": 1.0, "14_Cheese_receipt_00480_1": 0.0, "15_Tart_receipt_00480_1": 0.0, "0_DESCRIPTION_106_0": 0.09090909090909091, "1_QTE_106_0": 0.3333333333333333, "2_MONTANT_106_0": 0.2857142857142857, "3_:_106_0": 2.0, "4_Tel_106_0": 0.0, "5_17000_106_0": 0.0, "6_ROCHELLE_106_0": 0.0, "7_LA_106_0": 0.0, "8_33_106_0": 0.0, "9_RUE_106_0": 0.0, "10_DE_106_0": 0.0, "11_LA_106_0": 0.5, "12_SCIERIE_106_0": 0.0, "13_CRF-CITY_106_0": 0.0, "14_LA_106_0": 0.0, "15_ROCHELLE_106_0": 0.0, "0_MONTANT_748_0": 0.0, "1_SERVICES_748_0": 0.0, "2_Samedi_748_0": 0.0, "3_17_748_0": 0.0, "4_Decembre_748_0": 0.0, "5_2016_748_0": 0.0, "6_Tel_748_0": 0.3333333333333333, "7_05_748_0": 0.5, "8_46_748_0": 0.0, "9_34_748_0": 0.0, "10_95_748_0": 0.0, "11_00_748_0": 1.0, "12_17000_748_0": 0.0, "13_LA_748_0": 0.5, "14_ROCHELLE_748_0": 0.0, "15_7_748_0": 0.0, "16_RUE_748_0": 0.0, "17_DE_748_0": 0.0, "18_LA_748_0": 0.5, "19_FERTE_748_0": 0.0, "20_PROVOST_748_0": 0.0, "21_FRANCK_748_0": 0.0, "22_SARL_748_0": 0.0, "23_JLC_748_0": 0.0, "24_0386/12/16_748_0": 0.0, "25_Fiche_748_0": 0.0, "0_TOTAL_receipt_00015_1": 0.0, "1_304,326_receipt_00015_1": 0.0, "2_PB1_receipt_00015_1": 0.0, "3_10%_receipt_00015_1": 0.0, "4_27,666_receipt_00015_1": 0.3333333333333333, "5_15,660_receipt_00015_1": 0.0, "6_CHG_receipt_00015_1": 0.0, "7_6%_receipt_00015_1": 1.0, "8_SVC_receipt_00015_1": 1.0, "9_261,000_receipt_00015_1": 0.0, "10_SUBTTL_receipt_00015_1": 0.0, "11_ORIGINAL_receipt_00015_1": 0.0, "12_BREWED_receipt_00015_1": 0.0, "13_TEA_receipt_00015_1": 0.0, "14_46,000_receipt_00015_1": 0.0, "15_2_receipt_00015_1": 0.0, "16_TEA_receipt_00015_1": 0.0, "17_56,000_receipt_00015_1": 0.3333333333333333, "18_WITH_receipt_00015_1": 0.0, "19_CRUMBLE_receipt_00015_1": 0.0, "20_GREEN_receipt_00015_1": 0.0, "21_1_receipt_00015_1": 0.0, "22_82,500_receipt_00015_1": 0.0, "23_FORMANGGI_receipt_00015_1": 0.1111111111111111, "24_PASTA_receipt_00015_1": 0.0, "25_QUARTO_receipt_00015_1": 0.3333333333333333, "26_1_receipt_00015_1": 0.0, "27_MEATBALL_receipt_00015_1": 0.0, "28_76,500_receipt_00015_1": 0.16666666666666666, "29_PEPPER_receipt_00015_1": 0.0, "30_BLACK_receipt_00015_1": 0.0, "31_1_receipt_00015_1": 1.0, "0_17.12\u20ac_219_1": 0.3333333333333333, "1_CARTE_219_1": 0.0, "2_BANCAIRE_219_1": 0.0, "3_EMV_219_1": 0.3333333333333333, "4_EUR_219_1": 0.0, "5_(S)_219_1": 0.6666666666666666, "6_17.12\u20ac_219_1": 0.16666666666666666, "7_4_219_1": 1.0, "8_ARTICLE_219_1": 0.0, "9_TOTAL_219_1": 0.0, "10_A_219_1": 0.0, "11_PAYER_219_1": 0.0, "12_11.40\u20ac_219_1": 0.3333333333333333, "13_TOTAL_219_1": 0.8, "14_NON_219_1": 0.6666666666666666, "15_ALINENTAIRE_219_1": 0.18181818181818182, "16_5.70\u20ac_219_1": 0.4, "17_HIGH_219_1": 0.0, "18_4_219_1": 1.0, "19_LR6_219_1": 0.3333333333333333, "20_TECH_219_1": 0.0, "21_10_219_1": 0.0, "22_5.70\u20ac_219_1": 0.4, "23_LR03_219_1": 0.25, "24_TECH>A_219_1": 0.0, "25_HIGH_219_1": 0.0, "26_/_219_1": 1.0, "27_/_219_1": 1.0, "28_2.73\u20ac_219_1": 0.4, "29_TOTAL_219_1": 0.0, "30_BEAUTE_219_1": 0.0, "31_SANTE_219_1": 0.0, "32_HYGIENE_219_1": 0.2857142857142857, "33_2.73\u20ac_219_1": 0.4, "34_BAD_219_1": 0.0, "35_SYST.BL.SIGNAL_219_1": 0.0, "36_2.99\u20ac_219_1": 0.6, "37_ALIMENTAIRE_219_1": 0.09090909090909091, "38_TOTAL_219_1": 0.0, "39_2.99\u20ac_219_1": 0.4, "40_RICOTTA_219_1": 0.0, "41_250G_219_1": 0.25, "42_TORT_219_1": 0.0, "0_3,50_687_1": 0.25, "1_\u20ac_687_1": 0.0, "2_TOMATES_687_1": 0.14285714285714285, "3_MOZZARELLA_687_1": 0.1, "4_200G_687_1": 0.25, "5_QUICHE_687_1": 0.5, "6_>>>_687_1": 1.0, "7_1,26_687_1": 0.25, "8_\u20ac_687_1": 0.0, "9_BAGUETTES_687_1": 0.0, "10_FENDUES_687_1": 0.0, "11_1,66_687_1": 0.25, "12_\u20ac_687_1": 0.0, "13_HADEL.CHOC.NOIR_687_1": 0.13333333333333333, "14_PAT_687_1": 0.0, "15_>>>>_687_1": 0.0, "16_1,69_687_1": 0.25, "17_BIO_687_1": 0.6666666666666666, "18_200G_687_1": 0.25, "19_\u20ac_687_1": 0.0, "20_ROUGES_687_1": 0.0, "21_U_687_1": 1.0, "22_BETTERAVES_687_1": 0.0, "23_\u20ac_687_1": 1.0, "24_3,48_687_1": 0.5, "25_BRO_687_1": 0.0, "26_3000_687_1": 0.25, "27_SAUNN_687_1": 0.2, "28_PUREE_687_1": 0.0, "29_>>>_687_1": 1.0, "30_0,56_687_1": 0.25, "31_\u20ac_687_1": 1.0, "32_BRIDELICE_687_1": 0.1111111111111111, "33_FR.EP.158%_687_1": 0.2, "34_10CL_687_1": 1.0, "35_CREME_687_1": 0.2, "36_1,80_687_1": 0.25, "37_\u20ac_687_1": 0.0, "38_POM/ABRIC_687_1": 0.0, "39_LIEGEOIS_687_1": 0.0, "40_X4_687_1": 0.5, "41_2,29_687_1": 0.25, "42_\u20ac_687_1": 0.0, "43_BEUR.1/2SEL_687_1": 0.09090909090909091, "44_ELVIR_687_1": 0.0, "45_MIN_687_1": 0.3333333333333333, "46_2,57_687_1": 0.5, "47_2X125G_687_1": 0.16666666666666666, "48_\u20ac_687_1": 0.0, "49_GRECQUE_687_1": 0.0, "50_YAOURT_687_1": 0.16666666666666666, "51_BIO_687_1": 0.3333333333333333, "52_VRAI_687_1": 0.5, "53_CREMERIE_687_1": 0.125, "54_L.S._687_1": 1.0, "55_>>>>_687_1": 0.0, "56_0,69_687_1": 0.25, "57_POM.NAT.4X_687_1": 0.3, "58_\u20ac_687_1": 0.0, "59_COMP.COUP.FRTS_687_1": 0.21428571428571427, "60_1,03_687_1": 0.25, "61_\u20ac_687_1": 1.0, "62_KETCHUP_687_1": 0.0, "63_85G_687_1": 0.3333333333333333, "64_MONSTER_687_1": 0.14285714285714285, "65_MUNCH_687_1": 0.2, "66_1,46_687_1": 0.25, "67_\u20ac_687_1": 0.0, "68_CASSONADE_687_1": 0.0, "69_750G_687_1": 0.25, "70_1,70_687_1": 0.75, "71_\u20ac_687_1": 0.0, "72_TOMATE/BASILIC_687_1": 0.07142857142857142, "73_VELOUTE_687_1": 0.14285714285714285, "74_1,72_687_1": 0.25, "75_\u20ac_687_1": 0.0, "76_UX8_687_1": 0.6666666666666666, "0_DESCRIPTION_25_0": 0.0, "1_QTE_25_0": 0.3333333333333333, "2_MONTANT_25_0": 0.2857142857142857, "3_Tel_25_0": 0.0, "4_17000_25_0": 0.0, "5_LA_25_0": 0.0, "6_ROCHELLE_25_0": 0.0, "7_33_25_0": 0.0, "8_RUE_25_0": 0.0, "9_DE_25_0": 0.0, "10_LA_25_0": 0.0, "11_SCIERIE_25_0": 0.0, "12_CRF-CITY_25_0": 0.0, "13_LA_25_0": 0.0, "14_ROCHELLE_25_0": 0.0, "0_0,00_762_3": 0.0, "1_DISPONIBLE_762_3": 0.0, "2_SOLDE_762_3": 0.0, "3_JUSQU_762_3": 0.8, "4_28/02/2017._762_3": 0.09090909090909091, "5_AU_762_3": 1.0, "6_EUROS_762_3": 0.2, "7_A_762_3": 0.0, "8_UTILISER_762_3": 0.375, "9_0.0_762_3": 0.3333333333333333, "10_15/01/2017_762_3": 0.0, "11_IL_762_3": 1.5, "12_VOUS_762_3": 1.0, "13_RESTAIT_762_3": 0.14285714285714285, "14_LE_762_3": 0.0, "15_FIDELITE_762_3": 0.0, "16_CARTE_762_3": 0.0, "17_141,99_762_3": 0.0, "18_5,97_762_3": 0.25, "19_36,02_762_3": 0.2, "20_TOTAL_762_3": 0.0, "21_TVA_762_3": 0.6666666666666666, "22_33,08_762_3": 0.2, "23_27,57_762_3": 0.2, "24_5,51_762_3": 0.25, "25_20,00%_762_3": 0.16666666666666666, "26_B_762_3": 0.0, "27_A_762_3": 0.0, "28_8,91_762_3": 0.25, "29_0,46_762_3": 0.25, "30_5,50%_762_3": 0.2, "31_8,45_762_3": 0.25, "32_MT._762_3": 0.0, "33_MT._762_3": 0.0, "34_MT._762_3": 0.3333333333333333, "35_TVA_762_3": 0.6666666666666666, "36_CODE_762_3": 0.0, "37_TVA_762_3": 0.3333333333333333, "38_HT_762_3": 0.0, "39_TVA_762_3": 0.6666666666666666, "0_0.54_721_3": 0.0, "1_BAGUETTE_721_3": 0.25, "2_3_721_3": 1.0, "3_MEUNIERS_721_3": 0.125, "4_250G_721_3": 0.25, "5_2_721_3": 0.0, "6_PATISSERIE_721_3": 0.0, "7_CLEMENUILLA_721_3": 0.18181818181818182, "8_1.47_721_3": 0.25, "9_2_721_3": 0.0, "10_LEGUNES_721_3": 0.0, "11_FRUITS_721_3": 0.0, "12_ET_721_3": 0.0, "13_FILET_721_3": 0.0, "14_POULET_721_3": 0.0, "15_JAUNE_721_3": 0.0, "16_2_721_3": 0.0, "17_DOUCE_721_3": 0.0, "18_F.720_721_3": 0.8, "19_4.99_721_3": 0.25, "20_CUISSE_721_3": 0.16666666666666666, "21_PLET_721_3": 0.0, "22_JNE_721_3": 0.3333333333333333, "23_A/DOS_721_3": 0.6, "24_1.98_721_3": 0.0, "25_2_721_3": 0.0, "26_VOLAILLES_721_3": 0.1111111111111111, "27_CREPES_721_3": 0.0, "28_JBON_721_3": 0.0, "29_FROMAGE_721_3": 0.14285714285714285, "30_X4,480G_721_3": 0.42857142857142855, "31_2_721_3": 0.0, "32_3.50_721_3": 0.0, "33_2_721_3": 0.0, "34_PATE_721_3": 0.0, "35_BRISEE_721_3": 0.0, "36_MARIE.3X230G_721_3": 0.3333333333333333, "37_2.99_721_3": 0.0, "38_2.99_721_3": 0.0, "39_LA_721_3": 0.0, "40_TRADITIONNELLE_721_3": 0.0, "41_VPF.300G_721_3": 0.375, "42_2_721_3": 0.0, "43_0.92_721_3": 0.0, "44_V.BOVINE_721_3": 0.125, "45_2X_721_3": 0.5, "46_BASSE_721_3": 0.0, "47_COTE**_721_3": 0.3333333333333333, "48_GRIL._721_3": 0.2, "49_BOUCHERIE_721_3": 0.0, "50_PLANTA_721_3": 0.0, "51_FIN_721_3": 0.0, "52_DOUX_721_3": 0.0, "53_510G_721_3": 0.25, "54_1.71_721_3": 0.75, "55_5_721_3": 1.0, "56_GATEAU_721_3": 0.16666666666666666, "57_RIZ_721_3": 0.0, "58_CARA,_721_3": 0.2, "59_4X100G_721_3": 0.3333333333333333, "60_1.00_721_3": 0.0, "61_2_721_3": 0.0, "0_MONTANT_367_0": 0.14285714285714285, "1_DESCRIPTION_367_0": 0.18181818181818182, "2_QTE_367_0": 1.3333333333333333, "3_:_367_0": 1.0, "4_Tel_367_0": 0.0, "5_17000_367_0": 0.0, "6_ROCHELLE_367_0": 0.0, "7_LA_367_0": 0.5, "8_33_367_0": 0.0, "9_DE_367_0": 0.0, "10_RUE_367_0": 0.0, "11_LA_367_0": 0.5, "12_SCIERIE_367_0": 0.0, "13_CRF-CITY_367_0": 0.0, "14_LA_367_0": 0.0, "15_ROCHELLE_367_0": 0.0, "0_MASTER_receipt_00365_1": 0.0, "1_CIMB_receipt_00365_1": 0.5, "2_NIAGA_receipt_00365_1": 0.2, "3_441,782_receipt_00365_1": 0.0, "4_Total_receipt_00365_1": 0.0, "5_441,782_receipt_00365_1": 0.0, "6_PB1_receipt_00365_1": 0.3333333333333333, "7_40,162_receipt_00365_1": 0.0, "8_Service_receipt_00365_1": 0.0, "9_charge_receipt_00365_1": 0.0, "10_28,020_receipt_00365_1": 0.16666666666666666, "11_ITEMS 9_receipt_00365_1": 0.14285714285714285, "12_373,600_receipt_00365_1": 0.0, "13_2_receipt_00365_1": 0.0, "14_Tea_receipt_00365_1": 0.0, "15_20,000_receipt_00365_1": 0.0, "16_1_receipt_00365_1": 1.0, "17_Cup_receipt_00365_1": 0.0, "18_10,000_receipt_00365_1": 0.0, "19_1_receipt_00365_1": 1.0, "20_XLB_receipt_00365_1": 0.0, "21_52,000_receipt_00365_1": 0.0, "22_2_receipt_00365_1": 0.0, "23_DIMSUM_receipt_00365_1": 0.0, "24_23800_receipt_00365_1": 0.2, "25_47,600_receipt_00365_1": 0.0, "26_2_receipt_00365_1": 1.0, "27_LM_receipt_00365_1": 0.0, "28_Poach_receipt_00365_1": 0.0, "29_Marble_receipt_00365_1": 0.0, "30_Beef_receipt_00365_1": 0.0, "31_176,000_receipt_00365_1": 0.0, "32_1_receipt_00365_1": 1.0, "33_68,000_receipt_00365_1": 0.0, "0_CHANGE_receipt_00074_1": 0.0, "1_100,000_receipt_00074_1": 0.14285714285714285, "2_CASH_receipt_00074_1": 0.25, "3_TOTAL_receipt_00074_1": 0.0, "0_N_795_1": 3.0, "1_..8506_795_1": 0.16666666666666666, "2_..CB_795_1": 0.5, "3_E_795_1": 0.0, "4_AU_795_1": 0.0, "5_VERSO_795_1": 0.0, "6_RECU_795_1": 0.0, "7_VALANT_795_1": 0.0, "8_FACTURE_795_1": 0.0, "9_14,70_795_1": 0.8, "10_TTC._795_1": 1.0, "11_PRIX_795_1": 0.5, "12_.2,45_795_1": 1.0, "13_euros_795_1": 0.0, "14_TVA_795_1": 0.0, "15_.12,25_795_1": 1.0, "16_HT.._795_1": 0.5, "17_euros_795_1": 0.0, "18_PRIX_795_1": 0.0, "0_ _receipt_00234_0": 2.0, "0_Tel_195_0": 0.0, "1_LA_195_0": 0.0, "2_17000_195_0": 0.0, "3_ROCHELLE_195_0": 0.0, "4_3/5_195_0": 0.0, "5_CORDOUAN_195_0": 0.0, "6_RUE_195_0": 0.0, "7_DE_195_0": 0.0, "8_ROCHELLE/CRD_195_0": 0.0, "9_CRF-CITY_195_0": 0.0, "10_LA_195_0": 0.0, "0_ARTICLE(S)_134_1": 0.2, "1_10_134_1": 1.0, "2_TOTAL_134_1": 0.0, "3_A_134_1": 0.0, "4_PAYER_134_1": 0.0, "5_17.58\u20ac_134_1": 0.3333333333333333, "6_0.7550kg_134_1": 0.0, "7_x_134_1": 1.0, "8_2.90\u20ac/kg_134_1": 0.125, "9_POIRE_134_1": 0.0, "10_COMICE_134_1": 0.0, "11_2.19\u20ac_134_1": 0.8, "12_PIZZA_134_1": 0.0, "13_JBN_134_1": 0.3333333333333333, "14_FROMAGE_134_1": 0.14285714285714285, "15_0.99\u20ac_134_1": 0.4, "16_PIST.LAVE_134_1": 0.0, "17_VITR.CRF_134_1": 0.0, "18_1.59e_134_1": 0.4, "19_1.246_134_1": 0.4, "20_2.33\u20ac_134_1": 0.4, "21_0.3500kg_134_1": 0.125, "22_2.30\u20ac/kg_134_1": 0.125, "23_x_134_1": 1.0, "24_CLEMENTINE_134_1": 0.3, "25_0.81\u20ac_134_1": 0.6, "26_500G_134_1": 0.25, "27_PAIN_134_1": 0.25, "28_DE_134_1": 0.0, "29_HIE_134_1": 0.0, "30_1.17\u20ac_134_1": 0.4, "31_2X1000_134_1": 0.16666666666666666, "32_STEACK_134_1": 0.0, "33_SOJA_134_1": 0.75, "34_3.05\u20ac_134_1": 0.4, "35_250G_134_1": 0.25, "36_TORT_134_1": 0.0, "37_RICOTTA_134_1": 0.0, "38_3.21\u20ac_134_1": 0.4, "39_250_134_1": 0.3333333333333333, "40_GR_134_1": 0.0, "41_BAGUETTE_134_1": 0.0, "42_CRF_134_1": 0.0, "43_1.00\u20ac_134_1": 0.6, "0_ _receipt_00506_0": 4.0, "0_AMOUNT_receipt_00030_0": 0.5, "1_818_receipt_00030_0": 1.0, "2_PB1_receipt_00030_0": 1.3333333333333333, "3_10%_receipt_00030_0": 1.0, "4_10.0002_receipt_00030_0": 1.0, "5_SUBTOTAL_receipt_00030_0": 0.375, "6_8,182_receipt_00030_0": 1.0, "7_PLASTIK_receipt_00030_0": 0.2857142857142857, "8_25_receipt_00030_0": 0.5, "9_0_receipt_00030_0": 1.0, "10_VANDOOLEN_receipt_00030_0": 0.6666666666666666, "11_8,182_receipt_00030_0": 0.6, "0_disponibles_654_4": 0.0, "1_magasin_654_4": 0.0, "2_en_654_4": 0.0, "3_MERCI_654_4": 0.0, "4_pas_654_4": 0.0, "5_Cela_654_4": 0.0, "6_ne_654_4": 0.0, "7_modifie_654_4": 0.0, "8_vos_654_4": 0.0, "9_droits_654_4": 0.0, "10_statutaires_654_4": 0.0, "11_echanges_654_4": 0.0, "12_etre_654_4": 0.0, "13_ou_654_4": 0.0, "14_rembourses._654_4": 0.09090909090909091, "15_hygienique_654_4": 0.1, "16_protection_654_4": 0.0, "17_peuvent_654_4": 0.0, "18_intact_654_4": 0.0, "0_ _receipt_00012_0": 5.0, "0_CHANGE_receipt_00249_1": 0.0, "1_700_receipt_00249_1": 0.0, "2_CASH_receipt_00249_1": 0.0, "3_37,000_receipt_00249_1": 0.0, "4_TOTAL_receipt_00249_1": 0.0, "5_36,300_receipt_00249_1": 0.0, "6_TAX_receipt_00249_1": 0.0, "7_10%_receipt_00249_1": 0.0, "8_3,300_receipt_00249_1": 0.0, "9_SUBTOTAL_receipt_00249_1": 0.0, "10_33,000_receipt_00249_1": 0.0, "11_1.00xITEMS_receipt_00249_1": 0.0, "12_PKT_receipt_00249_1": 0.0, "13_AYAM_receipt_00249_1": 0.0, "14_33,000_receipt_00249_1": 0.0, "0_ _receipt_00116_0": 3.0, "0_QTE_214_0": 1.0, "1_MONTANT_214_0": 0.14285714285714285, "2_DESCRIPTION_214_0": 0.0, "3_Gargot_214_0": 0.0, "4_Aytre._214_0": 0.0, "5_Nicolas_214_0": 0.0, "6_17440_214_0": 0.0, "7_Rue_214_0": 0.0, "8_9h_214_0": 1.0, "9_a_214_0": 0.0, "10_12h30_214_0": 0.0, "11_Dimanche_214_0": 0.0, "12_Lundi_214_0": 0.0, "13_au_214_0": 0.5, "14_Samedi_214_0": 0.0, "15_de_214_0": 0.0, "16_9h_214_0": 0.5, "17_a_214_0": 0.0, "18_20h00_214_0": 0.0, "19_:_214_0": 1.0, "20_Tel_214_0": 0.0, "21_0546457320_214_0": 0.0, "22_market_214_0": 0.0, "23_AYTRE_214_0": 0.0, "24_Carrefour_214_0": 0.0, "0_MERCI_404_1": 0.0, "1_DE_404_1": 0.0, "2_VOTRE_404_1": 0.0, "3_VISITE_404_1": 0.0, "4_0006_404_1": 0.25, "5_004_404_1": 0.0, "6_25/04/2017_404_1": 0.0, "7_000055_404_1": 0.16666666666666666, "8_11:55:22_404_1": 0.0, "9_CB_404_1": 0.0, "10_EMV_404_1": 0.0, "11_SANS_404_1": 0.0, "12_CONTACT_404_1": 0.0, "13_6.52\u20ac_404_1": 0.4, "14_EUR_404_1": 0.0, "15_2_404_1": 0.0, "16_ARTICLE(S)_404_1": 0.0, "17_TOTAL_404_1": 0.2, "18_A_404_1": 0.0, "19_PAYER_404_1": 0.0, "20_6.52\u20ac_404_1": 0.4, "21_*VACHE_404_1": 0.16666666666666666, "22_A_404_1": 1.0, "23_BOIRE_404_1": 0.2, "24_YRT_404_1": 0.0, "25_1.92\u20ac_404_1": 0.4, "26_XCOUSCOUS_404_1": 0.1111111111111111, "27_CRF_404_1": 0.0, "28_440G_404_1": 0.25, "29_3.26\u20ac_404_1": 0.4, "30_1.34\u20ac_404_1": 0.4, "0_BIENTOT_526_2": 0.0, "1_MERCI_526_2": 0.0, "2_DE_526_2": 0.0, "3_VOTRE_526_2": 0.0, "4_VISITE_526_2": 0.0, "5_0001_526_2": 0.0, "6_005_526_2": 0.0, "7_000125_526_2": 0.0, "8_21/06/2017_526_2": 0.0, "9_12:48:53_526_2": 0.0, "10_:_526_2": 1.0, "11_Carte_526_2": 0.0, "0_Kembali_receipt_00034_1": 0.5714285714285714, "1_70.000_receipt_00034_1": 0.8333333333333334, "2_Tunai_receipt_00034_1": 0.4, "3_100.000_receipt_00034_1": 0.14285714285714285, "4_Belanja_receipt_00034_1": 0.14285714285714285, "5_Total_receipt_00034_1": 0.2, "6_30.000_receipt_00034_1": 1.0, "7_1_receipt_00034_1": 1.0, "8_30.000_receipt_00034_1": 0.16666666666666666, "9_30.000_receipt_00034_1": 0.3333333333333333, "10_MANI_receipt_00034_1": 0.25, "11_KUNING_receipt_00034_1": 0.3333333333333333, "12_CAKALANG_receipt_00034_1": 0.0, "13_OMA_receipt_00034_1": 0.0, "14_NASI_receipt_00034_1": 0.5, "0_CASH_receipt_00153_1": 0.0, "1_TL_receipt_00153_1": 1.0, "2_S. CREAM_receipt_00153_1": 0.0, "0_A_418_2": 0.0, "1_BIENTOT_418_2": 0.0, "0_TICKET_629_2": 0.0, "1_A_629_2": 0.0, "2_CONSERVER_629_2": 0.1111111111111111, "0_ _receipt_00504_0": 2.0, "0_:_181_0": 1.0, "1_Tel_181_0": 0.0, "2_45000_181_0": 0.0, "3_ORLEANS_181_0": 0.0, "4_1,_181_0": 1.0, "5_RUE_181_0": 0.0, "6_DU_181_0": 0.5, "7_SEL_181_0": 0.0, "8_GRENIER_181_0": 0.0, "9_A_181_0": 0.0, "10_CARREFOUR_181_0": 0.0, "11_CITY_181_0": 0.0, "12_ORLEANS_181_0": 0.0, "0_KEMBALI_receipt_00028_1": 0.42857142857142855, "1_1,200_receipt_00028_1": 0.4, "2_TUNAI_receipt_00028_1": 0.6, "3_10,000_receipt_00028_1": 0.16666666666666666, "4_GRAND_receipt_00028_1": 0.4, "5_TOTAL_receipt_00028_1": 0.0, "6_8,800_receipt_00028_1": 0.2, "7_TAX_receipt_00028_1": 0.3333333333333333, "8_10.00_receipt_00028_1": 0.0, "9_%_receipt_00028_1": 2.0, "10_800_receipt_00028_1": 0.0, "11_TOTAL_receipt_00028_1": 0.0, "12_8.000_receipt_00028_1": 0.0, "13_A.MINERAL_receipt_00028_1": 0.4444444444444444, "14_BOTOL_receipt_00028_1": 0.4, "15_8.000_receipt_00028_1": 0.0, "16_1_receipt_00028_1": 2.0, "17_8,000_receipt_00028_1": 0.0, "0_QTE_385_0": 1.0, "1_MONTANT_385_0": 0.2857142857142857, "2_DESCRIPTION_385_0": 0.0, "3_:_385_0": 1.0, "4_Tel_385_0": 0.0, "5_ROCHELLE_385_0": 0.0, "6_17000_385_0": 0.0, "7_RUE_385_0": 0.0, "8_DE_385_0": 0.0, "9_LA_385_0": 0.5, "10_SCIERIE_385_0": 0.0, "11_33_385_0": 0.5, "12_ROCHELLE_385_0": 0.0, "13_CRF-CITY_385_0": 0.0, "14_LA_385_0": 1.0, "0_ _receipt_00543_0": 3.0, "0_150_receipt_00502_1": 0.0, "1_CASH_receipt_00502_1": 0.0, "2_20,000_receipt_00502_1": 0.0, "3_TOTAL_receipt_00502_1": 0.0, "4_19,850_receipt_00502_1": 0.0, "5_SUBTOTAL_receipt_00502_1": 0.0, "6_19,850_receipt_00502_1": 0.0, "7_SENDOK_receipt_00502_1": 0.0, "8_BEBEK_receipt_00502_1": 0.0, "9_0_receipt_00502_1": 0.0, "10_PLASTIK_receipt_00502_1": 0.0, "11_KECIL_receipt_00502_1": 0.0, "12_0_receipt_00502_1": 0.0, "13_AMOUNT_receipt_00502_1": 0.0, "14_-4,650_receipt_00502_1": 0.0, "15_DISC_receipt_00502_1": 0.0, "16_ITEM_receipt_00502_1": 0.0, "17_-30.000%_receipt_00502_1": 0.125, "0_1.10\u20ac_257_0": 0.4, "1_BF_257_0": 0.0, "2_1/2_257_0": 0.3333333333333333, "3_RAVIOLI_257_0": 0.14285714285714285, "4_PUR_257_0": 0.0, "5_2.49\u20ac_257_0": 0.4, "6_CONFIT_257_0": 0.0, "7_AUBERGI_257_0": 0.14285714285714285, "8_1/2_257_0": 0.6666666666666666, "9_1.33\u20ac_257_0": 0.4, "10_CRF_257_0": 0.0, "11_1/2_257_0": 0.6666666666666666, "12_CANNELLONI_257_0": 0.0, "13_MONTANT_257_0": 0.2857142857142857, "14_QTE_257_0": 1.0, "15_DESCRIPTION_257_0": 0.0, "16_Aytre._257_0": 0.3333333333333333, "17_Gargot_257_0": 0.0, "18_17440_257_0": 0.0, "19_Nicolas_257_0": 0.0, "20_Rue_257_0": 0.0, "21_12h30_257_0": 0.0, "22_Dimanche_257_0": 0.0, "23_9h_257_0": 0.5, "24_20h00_257_0": 0.0, "25_Samedi_257_0": 0.0, "26_9h_257_0": 0.5, "27_a_257_0": 1.0, "28_de_257_0": 0.0, "29_Lundi_257_0": 0.0, "30_au_257_0": 0.0, "31_0546457320_257_0": 0.0, "32_Tel_257_0": 0.0, "33_AYTRE_257_0": 0.0, "34_Carrefour_257_0": 0.0, "35_market_257_0": 0.0, "0_A_340_2": 0.0, "1_BIENTOT_340_2": 0.0, "2_VOTRE_340_2": 0.0, "3_VISITE_340_2": 0.0, "4_MERCI_340_2": 0.2, "5_DE_340_2": 0.0, "0_ _receipt_00650_0": 3.0, "0_DESCRIPTION_464_0": 0.18181818181818182, "1_QTE_464_0": 0.3333333333333333, "2_MONTANT_464_0": 0.2857142857142857, "3_:_464_0": 1.0, "4_Tel_464_0": 0.0, "5_17000_464_0": 0.0, "6_LA_464_0": 0.0, "7_ROCHELLE_464_0": 0.0, "8_33_464_0": 0.0, "9_RUE_464_0": 0.0, "10_DE_464_0": 0.0, "11_LA_464_0": 0.0, "12_SCIERIE_464_0": 0.14285714285714285, "13_CRF-CITY_464_0": 0.0, "14_LA_464_0": 0.5, "15_ROCHELLE_464_0": 0.0, "0_Vignette(s)_243_3": 0.0, "1_par_243_3": 0.0, "2_operation_243_3": 0.0, "3_vous_243_3": 0.25, "4_avez_243_3": 0.0, "5_cumule_243_3": 0.0, "6_4.0_243_3": 0.0, "7_Bravo_243_3": 0.2, "8_A_243_3": 1.0, "9_BIENTOT_243_3": 0.0, "10_remercie_243_3": 0.0, "11_de_243_3": 0.0, "12_votre_243_3": 0.0, "13_visite_243_3": 0.0, "14_Vous_243_3": 0.0, "15_CARREFOUR_243_3": 0.0, "16_MARKET_243_3": 0.0, "17_AYTRE_243_3": 0.0, "18_000030_243_3": 0.0, "19_03/12/2016_243_3": 0.6, "20_11:55:30_243_3": 0.0, "21_0109_243_3": 0.0, "22_007_243_3": 0.3333333333333333, "0_ _receipt_00675_0": 2.0, "0_ _receipt_00033_0": 2.0, "0_:_16_0": 1.0, "1_Tel_16_0": 0.0, "2_17000_16_0": 0.0, "3_LA_16_0": 0.0, "4_ROCHELLE_16_0": 0.0, "5_33_16_0": 0.0, "6_RUE_16_0": 0.0, "7_DE_16_0": 0.0, "8_LA_16_0": 0.0, "9_SCIERIE_16_0": 0.0, "10_CRF-CITY_16_0": 0.0, "11_LA_16_0": 0.0, "12_ROCHELLE_16_0": 0.0, "0_Tel_360_0": 0.0, "1_17000_360_0": 0.0, "2_ROCHELLE_360_0": 0.0, "3_LA_360_0": 0.0, "4_33_360_0": 0.0, "5_RUE_360_0": 0.0, "6_DE_360_0": 0.0, "7_LA_360_0": 0.0, "8_SCIERIE_360_0": 0.0, "9_LA_360_0": 0.5, "10_ROCHELLE_360_0": 0.0, "11_CRF-CITY_360_0": 0.0, "0_152,746_receipt_00181_1": 0.0, "1_TOTAL_receipt_00181_1": 0.0, "2_13,886_receipt_00181_1": 0.0, "3_PB1_receipt_00181_1": 0.3333333333333333, "4_10%_receipt_00181_1": 0.0, "5_7,860_receipt_00181_1": 0.0, "6_SVC_receipt_00181_1": 1.0, "7_CHG_receipt_00181_1": 0.0, "8_6%_receipt_00181_1": 0.0, "9_131,000_receipt_00181_1": 0.0, "10_SUBTTL_receipt_00181_1": 0.0, "11_12,000_receipt_00181_1": 0.0, "12_1_receipt_00181_1": 0.0, "13_ADD_receipt_00181_1": 0.0, "14_1_receipt_00181_1": 0.0, "15_W._receipt_00181_1": 0.0, "16_ORIGINAL_receipt_00181_1": 0.0, "17_57,000_receipt_00181_1": 0.0, "18_1_receipt_00181_1": 0.0, "19_GREEN_receipt_00181_1": 0.0, "20_MONSIEUR_receipt_00181_1": 0.0, "21_62,000_receipt_00181_1": 0.0, "22_1_receipt_00181_1": 0.0, "23_SAUSAGE_receipt_00181_1": 0.0, "24_AND_receipt_00181_1": 0.0, "25_SALAMI_receipt_00181_1": 0.0, "0_SOP_receipt_00266_0": 1.0, "1_IKAN_receipt_00266_0": 1.0, "2_158,000_receipt_00266_0": 0.14285714285714285, "3_1_receipt_00266_0": 2.0, "4_GURAME_receipt_00266_0": 0.5, "5_MED_receipt_00266_0": 0.6666666666666666, "6_IKAN_receipt_00266_0": 1.0, "7_12,000_receipt_00266_0": 0.0, "8_60,000_receipt_00266_0": 0.16666666666666666, "9_5_receipt_00266_0": 1.0, "10_HOT_receipt_00266_0": 0.6666666666666666, "11_TEA_receipt_00266_0": 0.6666666666666666, "12_=*MEDIUM*=_receipt_00266_0": 0.7, "13_87,000_receipt_00266_0": 0.3333333333333333, "14_NJUN_receipt_00266_0": 0.75, "15_1_receipt_00266_0": 2.0, "16_NASI_receipt_00266_0": 0.75, "17_GORENG_receipt_00266_0": 0.0, "18_=*MEDIUM*=_receipt_00266_0": 0.5, "19_87,000_receipt_00266_0": 0.16666666666666666, "20_1_receipt_00266_0": 1.0, "21_GORENG_receipt_00266_0": 0.0, "22_JJ_receipt_00266_0": 1.0, "23_BIHUN_receipt_00266_0": 0.4, "24_=*MEDIUM*=_receipt_00266_0": 0.5, "25_AYAM_receipt_00266_0": 0.75, "26_108,000_receipt_00266_0": 0.0, "27_1_receipt_00266_0": 1.0, "28_GR_receipt_00266_0": 1.0, "29_KERING_receipt_00266_0": 0.3333333333333333, "30_=*MEDIUM*=_receipt_00266_0": 0.7, "31_JMR_receipt_00266_0": 1.0, "32_TH_receipt_00266_0": 1.0, "33_PC_receipt_00266_0": 1.0, "34_147,000_receipt_00266_0": 0.14285714285714285, "35_1_receipt_00266_0": 1.0, "36_ANGSIO_receipt_00266_0": 0.5, "37_=*MEDIUM*=_receipt_00266_0": 0.7, "38_(M)_receipt_00266_0": 1.0, "39_162,000_receipt_00266_0": 0.0, "40_REBUS_receipt_00266_0": 0.4, "41_UDANG_receipt_00266_0": 0.6, "42_1_receipt_00266_0": 0.0, "0_Si1ky_receipt_00114_0": 0.2, "1_Lychee_receipt_00114_0": 0.0, "2_2x_receipt_00114_0": 0.5, "3_70,000_receipt_00114_0": 0.16666666666666666, "4_70,000_receipt_00114_0": 0.16666666666666666, "5_Puyo_receipt_00114_0": 0.0, "6_(Package)_receipt_00114_0": 0.1111111111111111, "7_1x_receipt_00114_0": 1.0, "8_6_receipt_00114_0": 1.0, "0_100,000_receipt_00749_1": 0.0, "1_Tunai_receipt_00749_1": 0.0, "2_100,000_receipt_00749_1": 0.0, "3_Sub_receipt_00749_1": 0.0, "4_total_receipt_00749_1": 0.2, "5_100,000_receipt_00749_1": 0.0, "6_100,000_receipt_00749_1": 0.0, "7_x_receipt_00749_1": 1.0, "8_1_receipt_00749_1": 1.0, "9_0.00_receipt_00749_1": 0.0, "0_SUB_receipt_00095_0": 1.0, "1_TOTAL_receipt_00095_0": 0.0, "2_12,000_receipt_00095_0": 0.0, "3_1_receipt_00095_0": 2.0, "4_12,000_receipt_00095_0": 0.3333333333333333, "5_12,000_receipt_00095_0": 0.0, "6_ORIGINAL_receipt_00095_0": 0.125, "7_NO_receipt_00095_0": 0.5, "8_SALT_receipt_00095_0": 0.0, "0_DESCRIPTION_490_0": 0.0, "1_QTE_490_0": 0.0, "2_MONTANT_490_0": 0.2857142857142857, "3_Gargot_490_0": 0.0, "4_Aytre._490_0": 0.16666666666666666, "5_Rue_490_0": 0.0, "6_Nicolas_490_0": 0.0, "7_17440_490_0": 0.0, "8_Dimanche_490_0": 0.0, "9_12h30_490_0": 0.0, "10_9h_490_0": 0.5, "11_a_490_0": 1.0, "12_Lundi_490_0": 0.0, "13_au_490_0": 0.0, "14_Samedi_490_0": 0.0, "15_de_490_0": 0.0, "16_9h_490_0": 0.5, "17_a_490_0": 0.0, "18_20h00_490_0": 0.0, "19_:_490_0": 1.0, "20_Tel_490_0": 0.0, "21_0546457320_490_0": 0.0, "22_Carrefour_490_0": 0.0, "23_market_490_0": 0.0, "24_AYTRE_490_0": 0.0, "0_ _receipt_00480_0": 2.0, "0_Consider_X51005444046_2": 0.0, "1_PTS:_X51005444046_2": 0.25, "2_66_X51005444046_2": 0.0, "3_0.00_X51005444046_2": 0.0, "4_Z=_X51005444046_2": 0.5, "5_0%_X51005444046_2": 0.0, "6_66.17_X51005444046_2": 0.0, "7_S=_X51005444046_2": 0.5, "8_6%_X51005444046_2": 0.0, "9_0.00_X51005444046_2": 0.0, "10_0.00_X51005444046_2": 0.0, "11_Analysis_X51005444046_2": 0.0, "12_GST_X51005444046_2": 0.0, "13_Goods_X51005444046_2": 0.0, "14_Tax_X51005444046_2": 0.0, "15_Amount_X51005444046_2": 0.0, "16_Change_X51005444046_2": 0.0, "17_0.85_X51005444046_2": 0.0, "18_67.00_X51005444046_2": 0.6, "19_Cash_X51005444046_2": 0.0, "20_Tender_X51005444046_2": 0.0, "21_Saving_X51005444046_2": 0.0, "22_66.15_X51005444046_2": 0.0, "23_Total_X51005444046_2": 0.0, "24_0.00_X51005444046_2": 0.0, "25_Total_X51005444046_2": 0.2, "0_A_392_2": 0.0, "1_BIENTOT_392_2": 0.0, "0_QTE_353_0": 1.0, "1__353_0": 1.0, "2_DESCRIPTIOH_353_0": 0.18181818181818182, "3_MONTANT_353_0": 0.2857142857142857, "4_:_353_0": 1.0, "5_Tel_353_0": 0.0, "6_17000_353_0": 0.2, "7_LA_353_0": 0.0, "8_ROCHELLE_353_0": 0.0, "9_33_353_0": 0.0, "10_RUE_353_0": 0.0, "11_DE_353_0": 0.0, "12_LA_353_0": 0.5, "13_SCIERIE_353_0": 0.0, "14_CRF-CITY_353_0": 0.0, "15_LA_353_0": 0.0, "16_ROCHELLE_353_0": 0.0, "0_TOTAL_722_3": 0.0, "1_27_722_3": 1.0, "2_Article(s)_722_3": 0.1, "3_61,81_722_3": 0.2, "4_\u20ac_722_3": 0.0, "5_DEGIVURANT_722_3": 0.2, "6_HICHELIN_722_3": 0.125, "7_300ML_722_3": 0.2, "8_3,99_722_3": 0.25, "9_\u20ac_722_3": 0.0, "10_>>>>_722_3": 0.0, "11_AUT_722_3": 0.0, "12_POINTE_722_3": 0.0, "13_DE_722_3": 0.0, "14_PORC_722_3": 0.25, "15_ESCALOPE_722_3": 0.125, "16_X_722_3": 1.0, "17_1_722_3": 0.0, "18_1,10_722_3": 0.25, "19_e_722_3": 1.0, "20_>>>>_722_3": 1.0, "21_0,1_722_3": 0.3333333333333333, "22_kg_722_3": 0.5, "23_0,95_722_3": 0.5, "24_\u20ac/kg_722_3": 1.0, "25_x_722_3": 2.0, "26_CAROTTE_722_3": 0.0, "27_0.10_722_3": 0.0, "28_\u20ac_722_3": 1.0, "29_0,606_722_3": 0.2, "30_kg_722_3": 1.0, "31_1,65_722_3": 0.75, "32_X_722_3": 2.0, "33_\u20ac/kg_722_3": 0.5, "34_POMME_722_3": 0.4, "35_DE_722_3": 0.0, "36_TERRE_722_3": 0.4, "37_ILE_722_3": 0.6666666666666666, "38_DE_722_3": 0.0, "39_RE_722_3": 0.0, "40_1,00_722_3": 0.5, "41_\u20ac_722_3": 0.0, "42_POTIMARRON_722_3": 0.1, "43_2,99_722_3": 0.75, "44_\u20ac_722_3": 3.0, "45_0,102_722_3": 0.2, "46_kg_722_3": 0.5, "47_3,95_722_3": 0.5, "48_x_722_3": 1.0, "49_\u20ac/kg_722_3": 0.75, "50_CHAMPIGNON_722_3": 0.7, "51_BLANC_722_3": 0.0, "52_PIED_722_3": 0.0, "53_COUPE_722_3": 0.0, "54_0,40_722_3": 0.25, "55_\u20ac_722_3": 0.0, "56_FRUITS_722_3": 0.0, "57_>>>>_722_3": 1.0, "58_ET_722_3": 1.0, "59_LEGUMES_722_3": 0.0, "60_COMPOTEE_722_3": 0.0, "61_LEGUMES_722_3": 0.2857142857142857, "62_FINDUS_722_3": 0.0, "63_400G_722_3": 0.25, "64_2,95_722_3": 0.75, "65_\u20ac_722_3": 1.0, "0_Pay Cash_receipt_00390_1": 0.0, "1_50.000_receipt_00390_1": 0.16666666666666666, "2_Change :_receipt_00390_1": 0.125, "3_8,000_receipt_00390_1": 0.4, "4_Total._receipt_00390_1": 0.16666666666666666, "5_ITEMS:_receipt_00390_1": 0.0, "6_42,000_receipt_00390_1": 0.0, "7_1_receipt_00390_1": 2.0, "8_42,000_receipt_00390_1": 0.16666666666666666, "9_1_receipt_00390_1": 2.0, "10_Pedas_receipt_00390_1": 0.0, "11_-_receipt_00390_1": 1.0, "12_1_receipt_00390_1": 1.0, "13_Seaweed_receipt_00390_1": 0.0, "14_0_receipt_00390_1": 1.0, "15_Chicken_receipt_00390_1": 0.0, "16_42,000_receipt_00390_1": 0.16666666666666666, "0_1.000_receipt_00799_1": 0.0, "1_Kembali_receipt_00799_1": 0.0, "2_19.000_receipt_00799_1": 0.0, "3_Tunai_receipt_00799_1": 0.0, "4_Total_receipt_00799_1": 0.0, "5_18.000_receipt_00799_1": 0.0, "6_Kopi_receipt_00799_1": 0.0, "7_Rupa_receipt_00799_1": 0.0, "8_18.000_receipt_00799_1": 0.0, "9_1_receipt_00799_1": 0.0, "10_Es_receipt_00799_1": 0.0, "0_DESCRIPTION_240_0": 0.0, "1_QTE_240_0": 1.0, "2_MONTANT_240_0": 0.14285714285714285, "3_Gargot_240_0": 0.0, "4_Aytre._240_0": 0.0, "5_Rue_240_0": 0.0, "6_Nicolas_240_0": 0.0, "7_17440_240_0": 0.0, "8_Dimanche_240_0": 0.0, "9_9h_240_0": 0.5, "10_a_240_0": 0.0, "11_12h30_240_0": 0.0, "12_Lundi_240_0": 0.0, "13_au_240_0": 0.0, "14_Samedi_240_0": 0.0, "15_de_240_0": 0.0, "16_9h_240_0": 0.5, "17_a_240_0": 1.0, "18_20h00_240_0": 0.0, "19_0546457320_240_0": 0.0, "20_Tel_240_0": 0.0, "21_Carrefour_240_0": 0.0, "22_market_240_0": 0.0, "23_AYTRE_240_0": 0.0, "0_CHANGED_receipt_00739_1": 0.14285714285714285, "1_40,000_receipt_00739_1": 0.16666666666666666, "2_CASH_receipt_00739_1": 0.75, "3_100.000_receipt_00739_1": 0.0, "4_TOTAL_receipt_00739_1": 0.0, "5_2_receipt_00739_1": 0.0, "6_Extra_receipt_00739_1": 0.0, "7_Jelly_receipt_00739_1": 0.2, "8_Lychee._receipt_00739_1": 0.14285714285714285, "9_10,000_receipt_00739_1": 0.16666666666666666, "10_1_receipt_00739_1": 1.0, "11_Lemon_receipt_00739_1": 0.0, "12_Tea_receipt_00739_1": 0.0, "13_(L)._receipt_00739_1": 1.0, "14_25.000_receipt_00739_1": 0.0, "15_1_receipt_00739_1": 2.0, "16_Sprite_receipt_00739_1": 0.0, "17_(L)._receipt_00739_1": 1.0, "18_25,000_receipt_00739_1": 0.16666666666666666, "0_EUR_571_1": 0.0, "1_ESPECES_571_1": 0.0, "2_5.00\u20ac_571_1": 0.4, "3_Reference_571_1": 0.0, "4_TITRES_571_1": 0.0, "5_RESTAURANT_571_1": 0.0, "6_EUR_571_1": 0.0, "7_8.80\u20ac_571_1": 0.4, "8_ARTICLE(S)_571_1": 0.0, "9_13.30\u20ac_571_1": 0.3333333333333333, "10_TOTAL_571_1": 0.0, "11_A_571_1": 1.0, "12_PAYER_571_1": 0.0, "13_TOTAL_571_1": 0.0, "14_ALIMENTAIRE_571_1": 0.2727272727272727, "15_13.30\u20ac_571_1": 0.3333333333333333, "16_1.45\u20ac_571_1": 0.6, "17_*HOUSSE_571_1": 0.14285714285714285, "18_FOREST.CRF_571_1": 0.0, "19_*LEERDAMMER_571_1": 0.2727272727272727, "20_MAXI_571_1": 0.5, "21_4.30\u20ac_571_1": 0.4, "22_N:_571_1": 1.0, "23_4/80D_571_1": 0.2, "24_0.90\u20ac_571_1": 0.4, "25_FILTRES_571_1": 0.0, "26_6X_571_1": 1.5, "27_OEUFS_571_1": 0.0, "28_PPA_571_1": 0.0, "29_FQC_571_1": 0.6666666666666666, "30_1.77_571_1": 1.0, "31_*4TR_571_1": 0.25, "32_ROTI_571_1": 0.0, "33_PORC_571_1": 0.25, "34_CUIT_571_1": 1.0, "35_3.09\u20ac_571_1": 0.6, "36_CROISSANTS_571_1": 0.0, "37_CR_571_1": 1.5, "38_1.78\u20ac_571_1": 0.4, "39_400G_571_1": 0.25, "0_MONTANT_200_0": 0.14285714285714285, "1_QTE_200_0": 1.0, "2_DESCRIPTION_200_0": 0.0, "3_Tel_200_0": 0.0, "4_ROCHELLE_200_0": 0.0, "5_LA_200_0": 0.0, "6_17000_200_0": 0.0, "7_PLACE_200_0": 0.0, "8_ROUGE_200_0": 0.0, "9_MOTTE_200_0": 0.0, "10_CDT_200_0": 1.0, "11_DISTRIBUTION_200_0": 0.0, "12_MONTER_200_0": 0.0, "13_SARL_200_0": 0.0, "0_37,000_receipt_00356_2": 0.16666666666666666, "1_OVO_receipt_00356_2": 1.3333333333333333, "2_37,000_receipt_00356_2": 0.0, "3_Total_receipt_00356_2": 0.2, "0_CHANGED_receipt_00798_1": 0.0, "1_70,000_receipt_00798_1": 0.5, "2_100.000_receipt_00798_1": 0.0, "3_CASH_receipt_00798_1": 0.0, "4_TOTAL_receipt_00798_1": 0.2, "5_1_receipt_00798_1": 3.0, "6_Lychee._receipt_00798_1": 0.14285714285714285, "7_Extra_receipt_00798_1": 0.2, "8_Jelly_receipt_00798_1": 0.0, "9_5.000_receipt_00798_1": 0.6, "10_Lemon_receipt_00798_1": 0.8, "11_(L)._receipt_00798_1": 1.0, "12_25.000_receipt_00798_1": 0.0, "13_1_receipt_00798_1": 2.0, "14_Tea_receipt_00798_1": 0.3333333333333333, "0_12:12:39_295_1": 0.0, "1_13/07/2017_295_1": 0.0, "2_002_295_1": 0.0, "3_000249_295_1": 0.3333333333333333, "4_0002_295_1": 0.0, "5_5.15\u20ac_295_1": 0.4, "6_EUR_295_1": 0.0, "7_CARTE_295_1": 0.0, "8_BANCAIRE_295_1": 0.0, "9_EMV_295_1": 0.0, "10_5.15\u20ac_295_1": 0.4, "11_ARTICLE(S)_295_1": 0.0, "12_A_295_1": 0.0, "13_PAYER_295_1": 0.0, "14_TOTAL_295_1": 0.4, "15_4_295_1": 1.0, "16_3.90\u20ac/kg_295_1": 0.375, "17_0.150kg_295_1": 0.0, "18_x_295_1": 2.0, "19_0.59\u20ac_295_1": 0.4, "20_*PECHE_295_1": 0.16666666666666666, "21_JAUNE_295_1": 0.2, "22_A_295_1": 0.0, "23_CHAIR_295_1": 0.2, "24_3.90\u20ac/kg_295_1": 0.375, "25_0.160kg_295_1": 0.0, "26_x_295_1": 1.0, "27_0.62\u20ac_295_1": 0.4, "28_JA_295_1": 1.0, "29_*NECTARINE_295_1": 0.1, "30_A_295_1": 0.0, "31_CHAIR_295_1": 0.2, "32_0.20\u20ac_295_1": 0.4, "33_*CRISTALINE_295_1": 0.0, "34_1.5L_295_1": 0.25, "35_3.74e_295_1": 0.4, "36_ROMA_295_1": 0.25, "37_JBN_295_1": 0.0, "38_SLDE_295_1": 0.0, "39_*320G_295_1": 0.2, "0_A_490_2": 0.0, "1_BIENTOT_490_2": 0.0, "2_Vous_490_2": 0.0, "3_remercie_490_2": 0.0, "4_de_490_2": 0.0, "5_votre_490_2": 0.0, "6_visite_490_2": 0.0, "7_CARREFOUR_490_2": 0.0, "8_MARKET_490_2": 0.0, "9_AYTRE_490_2": 0.0, "10_repris_490_2": 0.0, "11_echange_490_2": 0.0, "12_Solde_490_2": 0.0, "13_ni_490_2": 0.0, "14_ni_490_2": 0.0, "15_0105_490_2": 0.0, "16_008_490_2": 0.0, "17_000230_490_2": 0.0, "18_01/03/2017_490_2": 0.0, "19_18:56:20_490_2": 0.0, "20_:_490_2": 1.0, "21_Carte_490_2": 0.0, "22_CARTE_490_2": 0.0, "23_BANCAIRE_490_2": 0.0, "24_EMV_490_2": 0.0, "25_EUR_490_2": 0.0, "26_32.78\u20ac_490_2": 0.3333333333333333, "0_CASH_receipt_00418_1": 0.0, "1_100,000_receipt_00418_1": 0.0, "2_CASH_receipt_00418_1": 0.0, "3_100,000_receipt_00418_1": 0.0, "0_A_117_2": 0.0, "1_BIENTOT_117_2": 0.0, "2_VOTRE_117_2": 0.0, "3_VISITE_117_2": 0.0, "4_MERCI_117_2": 0.0, "5_DE_117_2": 0.0, "0_Big_receipt_00647_0": 0.3333333333333333, "1_6001_receipt_00647_0": 1.0, "2_-Plastic_receipt_00647_0": 0.5, "3_Small_receipt_00647_0": 0.6, "0_CARTE_577_1": 0.0, "1_BANCAIRE_577_1": 0.0, "2_EMV_577_1": 0.0, "3_EUR_577_1": 0.0, "4_4.50\u20ac_577_1": 0.4, "5_Reference_577_1": 0.0, "6_TITRES_577_1": 0.0, "7_RESTAURANT_577_1": 0.0, "8_EUR_577_1": 0.0, "9_8.80\u20ac_577_1": 0.4, "10_(S)_577_1": 0.6666666666666666, "11_ARTICLE_577_1": 0.0, "12_TOTAL_577_1": 0.0, "13_PAYER_577_1": 0.0, "14_A_577_1": 1.0, "15_13.30\u20ac_577_1": 0.3333333333333333, "16_TOTAL_577_1": 0.8, "17_ALIMENTAIRE_577_1": 0.09090909090909091, "18_13.30\u20ac_577_1": 0.3333333333333333, "19_*PAIN_577_1": 0.6, "20_400GR_577_1": 0.2, "21_0.85\u20ac_577_1": 0.4, "22_*JAMBONNEAU_577_1": 0.18181818181818182, "23_1/2_577_1": 0.3333333333333333, "24_2.83\u20ac_577_1": 0.4, "25_*4T_577_1": 0.6666666666666666, "26_JAMB_577_1": 0.5, "27_SUP.TSR_577_1": 0.14285714285714285, "28_2.29\u20ac_577_1": 0.4, "29_400G_577_1": 0.25, "30_CROISSANTS_577_1": 0.0, "31_CR_577_1": 0.0, "32_1.78\u20ac_577_1": 0.4, "33_*4_577_1": 1.5, "34_TR._577_1": 0.0, "35_LE_577_1": 0.0, "36_ROTI_577_1": 0.25, "37_DE_577_1": 0.0, "38_P_577_1": 1.0, "39_2.97\u20ac_577_1": 0.4, "40_2X500G+1GT_577_1": 0.2, "41_PEN_577_1": 0.0, "42_C/R_577_1": 0.3333333333333333, "43_2.58\u20ac_577_1": 0.4, "0_Votre_50_1": 0.0, "1_Monnaie_50_1": 0.0, "2_-5.00\u20ac_50_1": 0.3333333333333333, "3_ESPECES_50_1": 0.0, "4_EUR_50_1": 0.0, "5_20.05\u20ac_50_1": 0.3333333333333333, "6_TOTAL_50_1": 0.0, "7_A_50_1": 1.0, "8_PAYER_50_1": 0.0, "9_15.05\u20ac_50_1": 0.3333333333333333, "10_*YT_50_1": 0.6666666666666666, "11_BRI_50_1": 0.0, "12_NAT.VRAI_50_1": 0.25, "13_SSE_50_1": 0.0, "14_2.40\u20ac_50_1": 0.4, "15_*TOMATES_50_1": 0.25, "16_250GR_50_1": 0.2, "17_BIO_50_1": 0.3333333333333333, "18_1.90\u20ac_50_1": 0.4, "19_*SANEX_50_1": 0.16666666666666666, "20_DOUCHE_50_1": 0.0, "21_DERMO_50_1": 0.2, "22_2.91\u20ac_50_1": 0.4, "23_*HOZZAF_50_1": 0.14285714285714285, "24_ELLA_50_1": 0.0, "25_CRF_50_1": 0.0, "26_0.82\u20ac_50_1": 0.4, "27_*HELANCE_50_1": 0.125, "28_DE_50_1": 0.0, "29_SAISON_50_1": 0.0, "30_1.93\u20ac_50_1": 0.4, "31_*CIABAI_50_1": 0.2857142857142857, "32_TA_50_1": 2.0, "33_1.15\u20ac_50_1": 0.4, "34_*CAMEME_50_1": 0.5714285714285714, "35_.BIO_50_1": 0.75, "36_CRF250G_50_1": 0.14285714285714285, "37_2.27\u20ac_50_1": 0.6, "38_4X_50_1": 1.0, "39_950_50_1": 0.3333333333333333, "40_LES_50_1": 0.0, "41_2_50_1": 0.0, "42_VACHE_50_1": 0.0, "43_*_50_1": 1.0, "44_1.67\u20ac_50_1": 0.4, "0_A_247_2": 0.0, "1_BIENTOT_247_2": 0.0, "2_remercie_247_2": 0.0, "3_Vous_247_2": 0.0, "4_de_247_2": 0.0, "5_votre_247_2": 0.0, "6_visite_247_2": 0.0, "0_2.11\u20ac_243_1": 0.4, "1_*ORANGE_243_1": 0.14285714285714285, "2_DESS.GROS_243_1": 0.2222222222222222, "3_*LENTILLES_243_1": 0.0, "4_CRF_243_1": 0.3333333333333333, "5_0.91\u20ac_243_1": 0.4, "6_*LEGUME_243_1": 0.0, "7_DU_243_1": 1.0, "8_SUD_243_1": 0.0, "9_1L_243_1": 0.5, "10_2.15\u20ac_243_1": 0.4, "11_3.71\u20ac_243_1": 0.4, "12_KG_243_1": 0.5, "13_ESCALOP_243_1": 0.14285714285714285, "14_DDE_243_1": 0.3333333333333333, "15_HAL_243_1": 0.0, "16_KG_243_1": 0.5, "17_CUISSE_243_1": 0.0, "18_PLT_243_1": 0.3333333333333333, "19_BLC_243_1": 0.0, "20_2.38\u20ac_243_1": 0.4, "21_0&MG_243_1": 1.0, "22_CRF_243_1": 0.0, "23_1.51\u20ac_243_1": 0.4, "24_*FR.FRAIS_243_1": 0.3333333333333333, "25_3.42\u20ac_243_1": 0.4, "26_*EMMENTAL_243_1": 0.1111111111111111, "27_FRANCAIS_243_1": 0.0, "28_1.22\u20ac_243_1": 0.4, "29_*CLEMENTINE_243_1": 0.09090909090909091, "30_MOYENNE_243_1": 0.2857142857142857, "31_1.71\u20ac_243_1": 0.2, "32_*CHAMPIGON_243_1": 0.1, "33_EMINCE_243_1": 0.16666666666666666, "34_0.92\u20ac_243_1": 0.4, "35_*BIO_243_1": 0.25, "36_CITRON_243_1": 0.0, "37_1.50\u20ac_243_1": 0.4, "38_4F_243_1": 0.5, "39_CEE_243_1": 1.0, "40_AIR_243_1": 0.0, "41_OEUFS_243_1": 0.2, "42_PLEIN_243_1": 0.0, "43_1.55\u20ac_243_1": 0.4, "44_*550G_243_1": 0.4, "45_MAXI_243_1": 1.0, "46_SSA_243_1": 1.0, "47_JAC_243_1": 1.0, "48_1.59\u20ac_243_1": 0.4, "49_YOPA_243_1": 0.5, "50_O%_243_1": 1.0, "51_LIT_243_1": 1.0, "52_1.95\u20ac_243_1": 0.4, "53_*4X100G_243_1": 0.8571428571428571, "54_*300G_243_1": 0.4, "55_LT_243_1": 1.0, "56_ECR.REGILA_243_1": 0.0, "57_1.946_243_1": 0.4, "58_*250G_243_1": 0.4, "59_CAROTTES_243_1": 0.125, "60_RAPE_243_1": 0.0, "61_1.65\u20ac_243_1": 0.4, "0_DESCRIPTION_144_0": 0.0, "1_QTE_144_0": 1.0, "2_MONTANT_144_0": 0.42857142857142855, "3_:_144_0": 1.0, "4_Tel_144_0": 0.0, "5_17000_144_0": 0.0, "6_LA_144_0": 0.0, "7_ROCHELLE_144_0": 0.0, "8_LA_144_0": 0.5, "9_33_144_0": 0.0, "10_RUE_144_0": 0.0, "11_DE_144_0": 0.0, "12_SCIERIE_144_0": 0.0, "13_CRF-CITY_144_0": 0.0, "14_ROCHELLE_144_0": 0.0, "15_LA_144_0": 0.0, "0_DESCRIPTION_559_0": 0.0, "1_QTE_559_0": 0.6666666666666666, "2_MONTANT_559_0": 0.0, "3_:_559_0": 1.0, "4_Tel_559_0": 0.0, "5_17000_559_0": 0.0, "6_LA_559_0": 0.0, "7_ROCHELLE_559_0": 0.0, "8_3/5_559_0": 0.0, "9_RUE_559_0": 0.0, "10_DE_559_0": 0.0, "11_CORDOUAN_559_0": 0.0, "12_ROCHELLE/CRD_559_0": 0.0, "13_CRF-CITY_559_0": 0.0, "14_LA_559_0": 0.0, "0_ _receipt_00262_0": 2.0, "0_BCA_receipt_00680_1": 0.3333333333333333, "1_CARD_receipt_00680_1": 0.25, "2_454,462_receipt_00680_1": 0.8571428571428571, "3_Subtotal_receipt_00680_1": 0.375, "4_313,600_receipt_00680_1": 1.0, "5_Food_receipt_00680_1": 1.0, "6_Subtotal_receipt_00680_1": 0.875, "7_45,000_receipt_00680_1": 0.6666666666666666, "8_Dessert_receipt_00680_1": 1.0, "9_Subtotal_receipt_00680_1": 0.75, "10_20,000_receipt_00680_1": 0.8333333333333334, "11_Beverage_receipt_00680_1": 1.0, "12_48,442_receipt_00680_1": 1.0, "13_Tax_receipt_00680_1": 1.0, "14_Service_receipt_00680_1": 0.7142857142857143, "15_27,420_receipt_00680_1": 1.0, "16_378,600_receipt_00680_1": 1.0, "17_SUBTOTAL_receipt_00680_1": 0.375, "18_78,400)_receipt_00680_1": 0.7142857142857143, "19_LUCKY_receipt_00680_1": 1.0, "20_BCA_receipt_00680_1": 0.6666666666666666, "21_20%_receipt_00680_1": 0.0, "22_457,000_receipt_00680_1": 0.8571428571428571, "23_ITEMS TOTAL_receipt_00680_1": 0.45454545454545453, "0_Days_X51005230659_2": 0.0, "1_Within_X51005230659_2": 0.0, "2_3_X51005230659_2": 0.0, "3_!_X51005230659_2": 1.0, "4_Only_X51005230659_2": 0.0, "5_Goods_X51005230659_2": 0.0, "6_Sold_X51005230659_2": 0.0, "0_-4.23\u20ac_537_1": 0.3333333333333333, "1_Monnaie_537_1": 0.0, "2_Votre_537_1": 0.0, "3_10.00\u20ac_537_1": 0.3333333333333333, "4_EUR_537_1": 0.0, "5_ESPECES_537_1": 0.0, "6_5.77\u20ac_537_1": 0.4, "7_PAYER_537_1": 0.0, "8_ARTICLE_537_1": 0.0, "9_(S)_537_1": 1.0, "10_TOTAL_537_1": 0.0, "11_A_537_1": 0.0, "12_3_537_1": 0.0, "13_3.65\u20ac_537_1": 0.6, "14_NOIR_537_1": 0.0, "15_CHAMP_537_1": 0.2, "16_*POULET_537_1": 0.0, "17_2.70\u20ac/kg_537_1": 0.375, "18_0.194kg_537_1": 0.2857142857142857, "19_x_537_1": 1.0, "20_0.52\u20ac_537_1": 0.4, "21_GALA_537_1": 0.25, "22_POMME_537_1": 0.4, "23_ROYAL_537_1": 0.0, "24_*F_537_1": 1.0, "25_1.60\u20ac_537_1": 0.4, "26_CAROTTE_537_1": 0.0, "27_RAPE_537_1": 0.0, "28_BI_537_1": 0.5, "29_*200G_537_1": 0.6, "30_MONTANT_537_1": 0.14285714285714285, "31_QTE_537_1": 0.3333333333333333, "32_DESCRIPTION_537_1": 0.0, "0_:_18_0": 1.0, "1_Tel_18_0": 0.0, "2_ROCHELLE_18_0": 0.0, "3_LA_18_0": 0.0, "4_17000_18_0": 0.0, "5_SCIERIE_18_0": 0.0, "6_RUE_18_0": 0.0, "7_DE_18_0": 0.0, "8_LA_18_0": 0.0, "9_33_18_0": 0.0, "10_ROCHELLE_18_0": 0.0, "11_CRF-CITY_18_0": 0.0, "12_LA_18_0": 0.0, "0_MONTANT_420_0": 0.42857142857142855, "1_DESCRIPTIOH_420_0": 0.36363636363636365, "2_Tel_420_0": 0.0, "3_ROCHELLE_420_0": 0.0, "4_17000_420_0": 0.0, "5_RUE_420_0": 0.0, "6_DE_420_0": 0.0, "7_LA_420_0": 1.0, "8_SCIERIE_420_0": 0.0, "9_33_420_0": 0.0, "10_ROCHELLE_420_0": 0.0, "11_CRF-CITY_420_0": 0.0, "12_LA_420_0": 0.5, "0_TOTAL_receipt_00589_1": 0.0, "1_426,195_receipt_00589_1": 0.0, "2_Discount_receipt_00589_1": 0.0, "3_0_receipt_00589_1": 0.0, "4_VAT_receipt_00589_1": 0.0, "5_38,745_receipt_00589_1": 0.0, "6_Service_receipt_00589_1": 0.0, "7_18,450_receipt_00589_1": 0.0, "8_Sub_receipt_00589_1": 0.0, "9_Total_receipt_00589_1": 0.0, "10_369,000_receipt_00589_1": 0.0, "0_ _receipt_00200_0": 6.0, "0_CARTE_10_1": 0.0, "1_BANCAIRE_10_1": 0.0, "2_EMV_10_1": 0.3333333333333333, "3_EUR_10_1": 0.0, "4_14.46\u20ac_10_1": 0.3333333333333333, "5_TOTAL_10_1": 0.0, "6_PAYER_10_1": 0.0, "7_(S)_10_1": 0.6666666666666666, "8_A_10_1": 0.0, "9_14.46\u20ac_10_1": 0.0, "10_ARTICLE_10_1": 0.0, "11_FRAM/MU_10_1": 0.2857142857142857, "12_1.45\u20ac_10_1": 0.4, "13_YAF_10_1": 0.6666666666666666, "14_PANIER_10_1": 0.16666666666666666, "15_RISTOR_10_1": 0.0, "16_PIZZA_10_1": 0.2, "17_TONNO_10_1": 0.4, "18_2.57\u20ac_10_1": 0.4, "19_1.51_10_1": 1.0, "20_3.02\u20ac_10_1": 0.4, "21_LEGE_10_1": 0.0, "22_2x_10_1": 0.5, "23_1/2E_10_1": 0.5, "24_MATIN_10_1": 0.2, "25_LT_10_1": 1.5, "26_1.28\u20ac_10_1": 0.4, "27_BISCOT.MULTI_10_1": 0.08333333333333333, "28_CEREA_10_1": 0.2, "29_2.20\u20ac_10_1": 0.4, "30_0.7182_10_1": 0.0, "31_x_10_1": 0.0, "32_1.58\u20ac_10_1": 0.4, "33_BANANE_10_1": 0.3333333333333333, "34_BIO_10_1": 0.3333333333333333, "35_1.25\u20ac_10_1": 0.4, "36_EXTRA_10_1": 0.0, "37_GROS_10_1": 0.0, "38_OEUF_10_1": 0.5, "39_3.31\u20ac_10_1": 0.4, "40_TRESOR_10_1": 0.0, "41_DUO_10_1": 1.0, "42_CH_10_1": 0.0, "43_400G_10_1": 0.25, "0_Details:_106_2": 0.0, "1_compte_106_2": 0.0, "2_votre_106_2": 0.0, "3_fidelite_106_2": 0.0, "4_Carrefour._106_2": 0.0, "5_auriez_106_2": 0.0, "6_cumule_106_2": 0.0, "7_0.10\u20ac_106_2": 0.4, "8_sur_106_2": 0.0, "9_fidelite,_106_2": 0.0, "10_aviez_106_2": 0.0, "11_la_106_2": 0.0, "12_carte_106_2": 0.0, "13_CARTE_106_2": 0.0, "14_BANCAIRE_106_2": 0.0, "15_EMV_106_2": 0.3333333333333333, "16_EUR_106_2": 0.0, "17_32.00\u20ac_106_2": 0.3333333333333333, "18_20_106_2": 0.5, "19_ALTICLE(S)_106_2": 0.1, "20_TOTAL_106_2": 0.0, "21_PAYER_106_2": 0.0, "22_32.00\u20ac_106_2": 0.3333333333333333, "23_A_106_2": 1.0, "24_X6_106_2": 0.0, "25_KNI_106_2": 0.6666666666666666, "26_CKI_106_2": 0.6666666666666666, "27_ORIGINAL_106_2": 0.0, "28_1.54\u20ac_106_2": 0.4, "29_0.720kg_106_2": 0.0, "30_x_106_2": 0.0, "31_2.50\u20ac/kg_106_2": 0.125, "32_TOMATE_106_2": 0.3333333333333333, "33_GRAPPE_106_2": 0.0, "34_1.80\u20ac_106_2": 0.4, "35_0.815kg_106_2": 0.0, "36_x_106_2": 1.0, "37_3.95\u20ac/kg_106_2": 0.125, "0_Tel_23_0": 0.0, "1_17000_23_0": 0.0, "2_LA_23_0": 0.0, "3_ROCHELLE_23_0": 0.0, "4_RUE_23_0": 0.0, "5_DE_23_0": 0.0, "6_LA_23_0": 0.0, "7_33_23_0": 0.0, "8_SCIERIE_23_0": 0.14285714285714285, "9_CRF-CITY_23_0": 0.0, "10_LA_23_0": 0.0, "11_ROCHELLE_23_0": 0.0, "0_10_589_1": 0.5, "1_ARTICLE(S)_589_1": 0.0, "2_TOTAL_589_1": 0.0, "3_PAYER_589_1": 0.0, "4_A_589_1": 0.0, "5_21.82\u20ac_589_1": 0.3333333333333333, "6_*TOMATE_589_1": 0.0, "7_CERISE_589_1": 0.0, "8_BQ_589_1": 0.5, "9_250_589_1": 0.3333333333333333, "10_0.99\u20ac_589_1": 0.4, "11_*PESTO_589_1": 0.16666666666666666, "12_190G_589_1": 0.25, "13_VERT_589_1": 0.25, "14_1.91\u20ac_589_1": 0.4, "15_*NOIX_589_1": 0.6, "16_CAJOU_589_1": 0.4, "17_S/SEL_589_1": 0.0, "18_2.26\u20ac_589_1": 0.4, "19_*MINIZZA_589_1": 0.375, "20_BELIN_589_1": 0.4, "21_1.16\u20ac_589_1": 0.4, "22_*DES_589_1": 0.25, "23_GOUDA_589_1": 0.0, "24_CUMIN_589_1": 0.4, "25_1.78\u20ac_589_1": 0.4, "26_*BON_589_1": 0.0, "27_BOULE_589_1": 0.0, "28_AP_589_1": 0.0, "29_COMPL_589_1": 0.2, "30_2.06\u20ac_589_1": 0.4, "31_4.26\u20ac_589_1": 0.4, "32_*APERIVRAIS_589_1": 0.18181818181818182, "33_PROVENC_589_1": 0.0, "34_2.126_589_1": 0.2, "35_4.80\u20ac/kg_589_1": 0.125, "36_0.245kg_589_1": 0.0, "37_x_589_1": 0.0, "38_*ABRICOT_589_1": 0.125, "39_GROS_589_1": 0.25, "40_1.18\u20ac_589_1": 0.4, "41_*6X2_589_1": 0.75, "42_KINDER_589_1": 0.0, "43_BUENO_589_1": 0.0, "44_4.10\u20ac_589_1": 0.4, "0_87,000_receipt_00368_0": 0.0, "1_CHANGE_receipt_00368_0": 0.0, "2_100,000_receipt_00368_0": 0.14285714285714285, "3_CASH_receipt_00368_0": 0.0, "4_TOTAL_receipt_00368_0": 0.0, "5_1_receipt_00368_0": 2.0, "6_No_receipt_00368_0": 0.0, "7_13,000_receipt_00368_0": 0.0, "8_Honey_receipt_00368_0": 0.0, "9_Mandarin_receipt_00368_0": 0.0, "0_6.92_X51005444046_0": 0.25, "1_0.214_X51005444046_0": 0.2, "2_1.48_X51005444046_0": 0.25, "3_Z_X51005444046_0": 1.0, "4_MUTIARA)_X51005444046_0": 0.0, "5_(GUAVA_X51005444046_0": 0.0, "6_SEEDLESS/_X51005444046_0": 0.0, "7_KG_X51005444046_0": 0.0, "8_JAMBU_X51005444046_0": 0.0, "9_BATU_X51005444046_0": 0.0, "10_1.59_X51005444046_0": 0.0, "11_8_X51005444046_0": 0.0, "12_12.72_X51005444046_0": 0.2, "13_Z_X51005444046_0": 1.0, "14_1800001501_X51005444046_0": 0.0, "15_CARROT_X51005444046_0": 0.0, "16_(PKT)_X51005444046_0": 0.0, "17_S/M_X51005444046_0": 0.3333333333333333, "18_500GM_X51005444046_0": 0.0, "19_CH_X51005444046_0": 0.0, "20_Cashier_X51005444046_0": 0.0, "21_Raja_X51005444046_0": 0.0, "22_13:43:11_X51005444046_0": 0.0, "23_Nur_X51005444046_0": 0.0, "24_25/03/18_X51005444046_0": 0.0, "25_Tax_X51005444046_0": 0.0, "26_Invoice_X51005444046_0": 0.0, "27_Invoices_X51005444046_0": 0.0, "28_Tax_X51005444046_0": 0.0, "29_NO:_X51005444046_0": 0.0, "30_000915943424)_X51005444046_0": 0.0, "31_(GST_X51005444046_0": 0.0, "32_REG_X51005444046_0": 0.0, "33_Lumpur_X51005444046_0": 0.0, "34_55100_X51005444046_0": 0.0, "35_Kuala_X51005444046_0": 0.0, "36_kampong_X51005444046_0": 0.0, "37_Pandan,_X51005444046_0": 0.0, "38_Pandan,_X51005444046_0": 0.14285714285714285, "39_4,_X51005444046_0": 0.5, "40_Off_X51005444046_0": 0.0, "41_No_X51005444046_0": 0.0, "42_Desa_X51005444046_0": 0.0, "43_(1171881-W)_X51005444046_0": 0.0, "44_GROCER_X51005444046_0": 0.0, "45_STAR_X51005444046_0": 0.0, "46_SDN_X51005444046_0": 0.0, "47_BHD_X51005444046_0": 0.0, "0_A_415_2": 0.0, "1_BIENTOT_415_2": 0.0, "0_0.92\u20ac_253_1": 0.4, "1_*CHAMPIGON_253_1": 0.2, "2_EMINCE_253_1": 0.16666666666666666, "3_*BOURSIN_253_1": 0.125, "4_GOURMAND_253_1": 0.0, "5_2.33\u20ac_253_1": 0.2, "6_*BLED_253_1": 0.4, "7_CROISSANC_253_1": 0.0, "8_3.15\u20ac_253_1": 0.4, "9_*BANAMES_253_1": 0.125, "10_1.19\u20ac_253_1": 0.4, "11_*ANDROS_253_1": 0.0, "12_POMME/POIRE_253_1": 0.18181818181818182, "13_1.34\u20ac_253_1": 0.4, "14_3.90\u20ac_253_1": 0.4, "15_*AMANDE_253_1": 0.2857142857142857, "16_EHONDE_253_1": 0.3333333333333333, "17_300G_253_1": 0.25, "18_CASSON.PERUCH_253_1": 0.07692307692307693, "19_1.78_253_1": 0.0, "20_3.56\u20ac_253_1": 0.4, "21_750G_253_1": 0.25, "22_2x_253_1": 1.0, "23_3.15\u20ac_253_1": 0.4, "24_BISC/_253_1": 0.0, "25_*4X250ML_253_1": 0.125, "26_BDEJ_253_1": 0.0, "27_EUCALYPT_253_1": 0.0, "28_4.14\u20ac_253_1": 0.4, "29_3756_253_1": 0.0, "30_MIEL_253_1": 0.0, "31_ALB.CRF_253_1": 0.0, "32_2.97\u20ac_253_1": 0.4, "33_*2X1/4_253_1": 0.5, "34_THON_253_1": 0.0, "35_5.25\u20ac_253_1": 0.4, "36_1L_253_1": 0.5, "37_OLIVE_253_1": 0.0, "38_VE_253_1": 0.5, "39_CR_253_1": 0.0, "40_HLE_253_1": 0.0, "41_1.12\u20ac_253_1": 0.4, "42_150_253_1": 0.0, "43_PBT_253_1": 0.3333333333333333, "44_CHOC_253_1": 0.0, "45_NR_253_1": 0.5, "46_PO_253_1": 0.5, "47_1.60\u20ac_253_1": 0.4, "48_CORIANDRE_253_1": 0.0, "49_FLOR_253_1": 0.0, "50_*11G_253_1": 0.5, "0_8.500,00_receipt_00058_0": 0.125, "1_8.500,00_receipt_00058_0": 0.25, "2_x1_receipt_00058_0": 1.0, "3_1069-_receipt_00058_0": 0.4, "4_ROTI_receipt_00058_0": 0.75, "5_KEJU_receipt_00058_0": 0.5, "6_COKLAT_receipt_00058_0": 0.3333333333333333, "0_ _receipt_00118_0": 4.0, "0_Rp_receipt_00089_1": 0.5, "1_0_receipt_00089_1": 0.0, "2_5.000_receipt_00089_1": 0.0, "3_Rp_receipt_00089_1": 0.0, "4_5.000_receipt_00089_1": 0.0, "5_Total_receipt_00089_1": 0.2, "6_Rp_receipt_00089_1": 0.5, "7_5.000_receipt_00089_1": 0.0, "8_Subtotal_receipt_00089_1": 0.0, "9_5.000_receipt_00089_1": 0.0, "10_1_receipt_00089_1": 0.0, "11_Mineral_receipt_00089_1": 0.0, "12_Water_receipt_00089_1": 0.0, "0_TTC_628_0": 0.0, "1_HT_628_0": 0.0, "2_TUA_628_0": 0.3333333333333333, "3_10.00_628_0": 0.0, "4_AZZURRA_628_0": 0.14285714285714285, "5_BOUT_628_0": 0.0, "6_DU_628_0": 1.0, "7_MONDE_628_0": 0.0, "8_10.00_628_0": 0.0, "9_PHARE_628_0": 0.0, "10_DU_628_0": 1.0, "11_SERVICE_628_0": 0.0, "12_31_628_0": 1.0, "13_05_628_0": 0.0, "14_46_628_0": 0.0, "15_31_628_0": 1.0, "16_11_628_0": 0.0, "17_17180_628_0": 0.0, "18_PERIGNY_628_0": 0.0, "19_LA_628_0": 0.5, "20_POMMERAIE_628_0": 0.1111111111111111, "21_PLACE_628_0": 0.0, "22_DE_628_0": 0.0, "23_OTTAVIO_628_0": 0.14285714285714285, "24_BETTINI_628_0": 0.0, "0_143,908_receipt_00743_1": 0.0, "1_MASTER_receipt_00743_1": 0.16666666666666666, "2_143,908_receipt_00743_1": 0.5714285714285714, "3_TOTAL_receipt_00743_1": 0.2, "4_67,628_receipt_00743_1": 0.3333333333333333, "5_Tax_receipt_00743_1": 0.3333333333333333, "6_Service_receipt_00743_1": 0.2857142857142857, "7_38,280_receipt_00743_1": 0.3333333333333333, "8_(_receipt_00743_1": 1.0, "9_FAVE_receipt_00743_1": 0.75, "10_600_receipt_00743_1": 1.0, "11_600,000)_receipt_00743_1": 0.125, "12_SUDTOTAL_receipt_00743_1": 0.125, "13_638,000_receipt_00743_1": 0.0, "0_A_662_2": 0.0, "1_BIENTOT_662_2": 0.0, "0_CHANGED_receipt_00285_1": 0.0, "1_25,000_receipt_00285_1": 0.16666666666666666, "2_100,000_receipt_00285_1": 0.14285714285714285, "3_CASH_receipt_00285_1": 0.0, "4_TOTAL_receipt_00285_1": 0.0, "5_Stwbry_receipt_00285_1": 0.16666666666666666, "6_(L)_receipt_00285_1": 1.0, "7_25.000_receipt_00285_1": 0.0, "8_Fanta_receipt_00285_1": 0.0, "9_1_receipt_00285_1": 0.0, "10_(S)_receipt_00285_1": 0.3333333333333333, "11_Water_receipt_00285_1": 0.0, "12_10,000_receipt_00285_1": 0.16666666666666666, "13_Mineral_receipt_00285_1": 0.0, "14_1_receipt_00285_1": 0.0, "15_(M)_receipt_00285_1": 0.6666666666666666, "16_Salt_receipt_00285_1": 0.0, "17_Popcorn_receipt_00285_1": 0.0, "18_40.000_receipt_00285_1": 0.0, "19_1_receipt_00285_1": 0.0, "0_ _receipt_00531_0": 1.0, "0_ _625_4": 2.0, "0_BIENTOT_296_2": 0.0, "1_MERCI_296_2": 0.0, "2_DE_296_2": 0.0, "3_VOTRE_296_2": 0.0, "4_VISITE_296_2": 0.0, "0_3.13_608_1": 1.0, "1_15.65_608_1": 0.0, "2_2_608_1": 0.0, "3_5_608_1": 0.0, "4_POTEAU_608_1": 0.0, "5_VERT_608_1": 0.0, "6_30X1200_608_1": 0.0, "7_T_608_1": 0.0, "8_QTE_608_1": 0.0, "9_DESCRIPTION_608_1": 0.0, "10_PRIX_608_1": 0.0, "11_MONTANT_608_1": 0.0, "12_T_608_1": 0.0, "13_gagner_608_1": 0.0, "14_d'achat_608_1": 0.0, "15_un_608_1": 0.0, "16_bon_608_1": 0.0, "17_de_608_1": 0.0, "18_15_608_1": 0.0, "19_euros_608_1": 0.0, "20_a_608_1": 0.0, "21_parvenir_608_1": 0.0, "22_remarques_608_1": 0.0, "23_nous_608_1": 0.0, "24_faites_608_1": 0.0, "25_vos_608_1": 0.0, "26_sur:_608_1": 0.25, "27_toujours_608_1": 0.0, "28_vous_608_1": 0.0, "29_satisfaire_608_1": 0.0, "30_au_608_1": 0.0, "31_mieux_608_1": 0.0, "32_que_608_1": 0.3333333333333333, "33_puissions_608_1": 0.0, "34_Pour_608_1": 0.0, "35_nous_608_1": 0.0, "36_continuer_608_1": 0.0, "37_VOTRE_608_1": 0.0, "38_AVIS_608_1": 0.0, "39_NOUS_608_1": 0.0, "40_INTERESSE*_608_1": 0.0, "41_*_608_1": 3.0, "42_Fax_608_1": 0.0, "43_interruption_608_1": 0.0, "44_sans_608_1": 0.0, "0_CARTE_257_5": 0.0, "1_BANCAIRE_257_5": 0.0, "2_EMV_257_5": 0.3333333333333333, "3_EUR_257_5": 0.0, "4_156.00\u20ac_257_5": 0.0, "5_ARTICLE(S)_257_5": 0.0, "6_63_257_5": 1.0, "7_TOTAL_257_5": 0.0, "8_A_257_5": 0.0, "9_PAYER_257_5": 0.0, "10_146.00\u20ac_257_5": 0.2857142857142857, "11_TOTAL_257_5": 0.0, "12_DES_257_5": 0.0, "13_AVANTAGES_257_5": 0.2222222222222222, "14_DU_257_5": 0.5, "15_JOUR_257_5": 0.0, "16_-14.09\u20ac_257_5": 0.2857142857142857, "17_TOTAL_257_5": 0.0, "18_REMISES_257_5": 0.14285714285714285, "19_IMMEDIATES_257_5": 0.3, "20_-14.09\u20ac_257_5": 0.2857142857142857, "21_(S)_257_5": 1.0, "22_63_257_5": 0.0, "23_ARTICLE_257_5": 0.0, "24_TOTAL_257_5": 0.0, "25_AVANT_257_5": 0.2, "26_RENISES_257_5": 0.0, "27_160.09\u20ac_257_5": 0.2857142857142857, "28_TOTAL_257_5": 0.0, "29_NON_257_5": 0.3333333333333333, "30_ALIMENTAIRE_257_5": 0.36363636363636365, "31_49.85\u20ac_257_5": 0.3333333333333333, "32_SERPILLIERE_257_5": 0.0, "33_SUP_257_5": 0.6666666666666666, "34_BL_257_5": 0.0, "35_3.20\u20ac_257_5": 0.4, "36_BOXER_257_5": 0.0, "37_X3_257_5": 0.5, "38_13.10\u20ac_257_5": 0.3333333333333333, "39_LOT_257_5": 0.6666666666666666, "40_BOXER_257_5": 0.0, "41_X3_257_5": 0.5, "42_13.10\u20ac_257_5": 0.3333333333333333, "0_ _receipt_00136_0": 1.0, "0_Change :_receipt_00409_1": 0.25, "1_9,000_receipt_00409_1": 0.2, "2_Pay_receipt_00409_1": 0.0, "3_50,000_receipt_00409_1": 0.0, "4_Cash_receipt_00409_1": 0.0, "5_41,000_receipt_00409_1": 0.16666666666666666, "6_Total._receipt_00409_1": 0.16666666666666666, "7_41,000_receipt_00409_1": 0.16666666666666666, "8_ITEMS:_receipt_00409_1": 0.16666666666666666, "9_1_receipt_00409_1": 1.0, "10_0_receipt_00409_1": 2.0, "11_1_receipt_00409_1": 1.0, "12_41,000_receipt_00409_1": 0.0, "13_BBQ_receipt_00409_1": 0.0, "14_Chicken_receipt_00409_1": 0.14285714285714285, "15_1_receipt_00409_1": 1.0, "0_20,0%_659_2": 0.0, "1_B_659_2": 0.0, "2_3,37_659_2": 1.0, "3_TVA_659_2": 1.0, "4_0,56_659_2": 0.75, "5_de_659_2": 0.0, "6_5,5%_659_2": 0.0, "7_A_659_2": 0.0, "8_23,46_659_2": 0.2, "9_TVA_659_2": 0.0, "10_de_659_2": 0.0, "11_1,22_659_2": 0.5, "12_26,83_659_2": 0.2, "13_Carte_659_2": 0.0, "14_Escalopes_659_2": 0.0, "15_2,59_659_2": 0.5, "16_de_659_2": 0.0, "17_dinde_659_2": 0.0, "18_A_659_2": 2.0, "0_CG_receipt_00037_1": 0.0, "1_500_receipt_00037_1": 0.0, "2_CASH_receipt_00037_1": 0.0, "3_14,000_receipt_00037_1": 0.16666666666666666, "4_TL_receipt_00037_1": 1.0, "5_TAX_receipt_00037_1": 0.6666666666666666, "6_10%_receipt_00037_1": 0.0, "7_1,227_receipt_00037_1": 0.6, "8_12,273_receipt_00037_1": 0.5, "9_MINI_receipt_00037_1": 0.0, "10_CHOCO_receipt_00037_1": 0.0, "11_13,500_receipt_00037_1": 0.0, "0_Total:_receipt_00656_1": 0.16666666666666666, "1_Rp._receipt_00656_1": 1.0, "2_10,000_receipt_00656_1": 0.3333333333333333, "3_1_receipt_00656_1": 2.0, "4_00627350101_receipt_00656_1": 0.45454545454545453, "5_Rp._receipt_00656_1": 1.0, "6_1_receipt_00656_1": 1.0, "7_10,000_receipt_00656_1": 0.16666666666666666, "8_RAKUNI_receipt_00656_1": 0.3333333333333333, "9_KEJU_receipt_00656_1": 1.0, "10_KM_receipt_00656_1": 1.0, "11_PCS/PCS_receipt_00656_1": 1.2857142857142858, "0_Tel_448_0": 0.0, "1_ROCHELLE_448_0": 0.0, "2_17000_448_0": 0.0, "3_LA_448_0": 0.0, "4_SCIERIE_448_0": 0.0, "5_LA_448_0": 0.0, "6_RUE_448_0": 0.0, "7_DE_448_0": 0.0, "8_33_448_0": 0.0, "9_ROCHELLE_448_0": 0.0, "10_CRF-CITY_448_0": 0.0, "11_LA_448_0": 0.0, "0_13,700_receipt_00562_1": 0.0, "1_50,000_receipt_00562_1": 0.0, "2_TOTAL_receipt_00562_1": 0.0, "3_36,300_receipt_00562_1": 0.0, "4_TAX_receipt_00562_1": 0.0, "5_10%_receipt_00562_1": 0.0, "6_3,300_receipt_00562_1": 0.0, "7_33,000_receipt_00562_1": 0.0, "8_1.00_receipt_00562_1": 0.0, "9_ITEMS_receipt_00562_1": 0.2, "0_Tendered_receipt_00198_0": 0.0, "1_50,000_receipt_00198_0": 0.0, "2_20,000_receipt_00198_0": 0.16666666666666666, "3_Total_receipt_00198_0": 0.0, "4_1_receipt_00198_0": 1.0, "5_1,818_receipt_00198_0": 0.2, "6_10%_receipt_00198_0": 0.0, "7_PAJAK_receipt_00198_0": 0.6, "8_18,182_receipt_00198_0": 0.16666666666666666, "9_Subtotal_receipt_00198_0": 0.0, "10_18,182_receipt_00198_0": 0.16666666666666666, "11_TARO_receipt_00198_0": 0.25, "12_1_receipt_00198_0": 1.0, "0_MONTANT_475_0": 0.14285714285714285, "1_QTE_475_0": 1.0, "2_DESCRIPTION_475_0": 0.2727272727272727, "3_Aytre._475_0": 0.16666666666666666, "4_Gargot_475_0": 0.0, "5_17440_475_0": 0.0, "6_Nicolas_475_0": 0.0, "7_Rue_475_0": 0.0, "8_12h30_475_0": 0.0, "9_Dimanche_475_0": 0.0, "10_a_475_0": 0.0, "11_9h_475_0": 0.5, "12_20h00_475_0": 0.0, "13_9h_475_0": 0.5, "14_a_475_0": 1.0, "15_Samedi_475_0": 0.0, "16_de_475_0": 0.0, "17_Lundi_475_0": 0.0, "18_au_475_0": 0.0, "19_:_475_0": 1.0, "20_0546457320_475_0": 0.0, "21_Tel_475_0": 0.0, "22_AYTRE_475_0": 0.0, "23_market_475_0": 0.0, "24_Carrefour_475_0": 0.0, "0_DESCRIPTIN_175_0": 0.1, "1_QTE_175_0": 1.0, "2_MONTANT_175_0": 0.14285714285714285, "3_:_175_0": 1.0, "4_Tel_175_0": 0.0, "5_LA_175_0": 0.0, "6_ROCHELLE_175_0": 0.0, "7_17000_175_0": 0.0, "8_EMILE_175_0": 0.0, "9_NORMANDIN_175_0": 0.0, "10_170_175_0": 0.0, "11_AV_175_0": 0.0, "12_ROCHELLE_175_0": 0.0, "13_CONTACT_175_0": 0.0, "14_LA_175_0": 0.0, "0_:_396_0": 1.0, "1_Tel_396_0": 0.0, "2_17000_396_0": 0.0, "3_LA_396_0": 0.5, "4_ROCHELLE_396_0": 0.0, "5_33_396_0": 0.0, "6_RUE_396_0": 0.0, "7_DE_396_0": 0.0, "8_LA_396_0": 0.0, "9_SCIERIE_396_0": 0.14285714285714285, "10_CRF-CITY_396_0": 0.0, "11_LA_396_0": 0.0, "12_ROCHELLE_396_0": 0.0, "0_PRUNE_807_1": 0.0, "1_d'article_807_1": 0.2222222222222222, "2_Nom_807_1": 0.0, "3_Heure:_807_1": 0.16666666666666666, "4_08-07-2017_807_1": 0.0, "5_11:42:15_807_1": 0.0, "6_Balance:_807_1": 0.0, "7_2_807_1": 1.0, "8_Vendeur:_807_1": 0.0, "9_#06_807_1": 0.3333333333333333, "10_de_807_1": 0.0, "11_ticket:_807_1": 0.14285714285714285, "12_20312_807_1": 0.0, "13_Port:_807_1": 0.4, "14_TEL:_807_1": 0.25, "15_BOURNEAU_807_1": 0.0, "16_5200_807_1": 0.0, "0_1,000_receipt_00470_1": 0.0, "1_CASH_receipt_00470_1": 0.0, "2_10,000_receipt_00470_1": 0.0, "3_TOTAL_receipt_00470_1": 0.0, "4_9,000_receipt_00470_1": 0.0, "5_SUBTOTAL_receipt_00470_1": 0.0, "6_9,000_receipt_00470_1": 0.0, "7_1.00_receipt_00470_1": 0.0, "8_ITEMs_receipt_00470_1": 0.0, "9_VANBALL_receipt_00470_1": 0.0, "10_9,000_receipt_00470_1": 0.0, "11_1X_receipt_00470_1": 1.0, "12_9000_receipt_00470_1": 0.5, "0_:_123_0": 1.0, "1_Tel_123_0": 0.0, "2_17000_123_0": 0.0, "3_ROCHELLE_123_0": 0.0, "4_LA_123_0": 0.0, "5_LA_123_0": 0.0, "6_SCIERIE_123_0": 0.0, "7_33_123_0": 0.0, "8_RUE_123_0": 0.0, "9_DE_123_0": 0.0, "10_ROCHELLE_123_0": 0.0, "11_CRF-CITY_123_0": 0.0, "12_LA_123_0": 0.0, "0_Ticket_733_0": 0.0, "1_en_733_0": 0.0, "2_EUR_733_0": 0.0, "3_VENDREDI_733_0": 0.0, "4_10_733_0": 0.0, "5_FEVRIER_733_0": 0.0, "6_2017_733_0": 0.0, "7_Gar_733_0": 0.0, "8_1_733_0": 0.0, "9_TEL_733_0": 0.0, "10_RESTAURANT_733_0": 0.0, "11_TRAITEUR_733_0": 0.125, "12_L'ASIANE_733_0": 0.25, "13_34_733_0": 0.0, "14_AV_733_0": 1.0, "15_ROGER_733_0": 0.0, "16_SALENGRO_733_0": 0.0, "17_17440_733_0": 0.0, "18_AYTRE_733_0": 0.0, "19_SARL_733_0": 0.0, "20_ROKAPA_733_0": 0.16666666666666666, "21_ISEO_733_0": 0.25, "0_2.37_721_1": 0.25, "1_BISCOTTE_721_1": 0.0, "2_NAT_721_1": 0.0, "3_HEUDEBERT_721_1": 0.0, "4_102T_721_1": 0.25, "5_2_721_1": 0.0, "6_CHOCOLAT_721_1": 0.0, "7_NESQUIK_721_1": 0.0, "8_490G_721_1": 0.25, "9_2.06_721_1": 0.25, "10_0.45_721_1": 0.0, "11_ETRILLE_721_1": 0.0, "12_FLEXIBLE_721_1": 0.0, "13_POUR_721_1": 0.0, "14_CHAT_721_1": 0.0, "15_5_721_1": 1.0, "16_-0.95_721_1": 0.2, "17_LITIERE_721_1": 0.0, "18_POUR_721_1": 0.0, "19_CHAT_721_1": 0.0, "20_7L.7L_721_1": 1.0, "21_:_721_1": 1.0, "22_Annulation_721_1": 0.0, "23_0.95_721_1": 0.0, "24_POUR_721_1": 0.0, "25_CHAT_721_1": 0.0, "26_7L.7L_721_1": 1.0, "27_5_721_1": 1.0, "28_LITIERE_721_1": 0.0, "29_7L,7L_721_1": 1.0, "30_0.95_721_1": 0.0, "31_LITIERE_721_1": 0.0, "32_POUR_721_1": 0.0, "33_CHAT_721_1": 0.0, "34_250G_721_1": 0.25, "35_PLANTATION,25_721_1": 0.15384615384615385, "36_0.10_721_1": 0.0, "37_CAFE_721_1": 0.0, "38_BRESIL_721_1": 0.0, "39_THON/CREVETTE_721_1": 0.0, "40_LYCAT_721_1": 0.0, "41_0.68_721_1": 0.0, "42_5_721_1": 1.0, "43_EXQUIS_721_1": 0.0, "44_80G_721_1": 0.3333333333333333, "45_0.68_721_1": 0.0, "46_EXQUIS_721_1": 0.0, "47_THON/CREVETTE_721_1": 0.07692307692307693, "48_80G_721_1": 0.3333333333333333, "49_LYCAT_721_1": 0.0, "50_EXQUIS_721_1": 0.0, "51_THON/CREVETTE_721_1": 0.0, "52_80G_721_1": 0.3333333333333333, "53_LYCAT_721_1": 0.0, "54_0.68_721_1": 0.0, "55_5_721_1": 1.0, "56_0.29_721_1": 0.0, "57_3X400G_721_1": 0.3333333333333333, "58_LYCAT.3_721_1": 0.0, "59_DELICES_721_1": 0.0, "60_VIANDES_721_1": 0.0, "61_BLANC_721_1": 0.0, "62_POUDRE_721_1": 0.0, "63_0.75_721_1": 0.25, "64_SUCRE_721_1": 0.0, "65_ECO+_721_1": 0.25, "66_SOUPE_721_1": 0.0, "67_AIL_721_1": 0.3333333333333333, "68_VICO_721_1": 0.75, "69_2X90G,_721_1": 0.3333333333333333, "70_0.58_721_1": 0.0, "71_2_721_1": 0.0, "72_CROUTONS_721_1": 0.0, "73_EPICERIE_721_1": 0.0, "0_IKAN_receipt_00103_0": 0.75, "1_GURAME_receipt_00103_0": 0.3333333333333333, "2_MED_receipt_00103_0": 0.3333333333333333, "3_158,000_receipt_00103_0": 0.14285714285714285, "4_1_receipt_00103_0": 1.0, "0_CHANGE_receipt_00631_1": 0.0, "1_41.500_receipt_00631_1": 0.16666666666666666, "2_CASH_receipt_00631_1": 0.0, "3_100.000_receipt_00631_1": 0.2857142857142857, "4_58.500_receipt_00631_1": 0.0, "5_TOTAL_receipt_00631_1": 0.0, "6_6.00_receipt_00631_1": 0.25, "7_ITEMS_receipt_00631_1": 0.4, "8_PLASTIC_receipt_00631_1": 0.0, "9_BAG_receipt_00631_1": 0.3333333333333333, "10_0.000_receipt_00631_1": 0.4, "11_ME_receipt_00631_1": 0.0, "12_CLS_receipt_00631_1": 0.6666666666666666, "13_CHIL_receipt_00631_1": 0.0, "14_CHK_receipt_00631_1": 0.3333333333333333, "15_12.000_receipt_00631_1": 0.16666666666666666, "16_SUPER_receipt_00631_1": 0.2, "17_CHEESE_receipt_00631_1": 0.16666666666666666, "18_13.000_receipt_00631_1": 0.3333333333333333, "19_SUPER_receipt_00631_1": 0.0, "20_CHEESE_receipt_00631_1": 0.0, "21_13.000_receipt_00631_1": 0.0, "22_BUN_receipt_00631_1": 0.6666666666666666, "23_10.500_receipt_00631_1": 0.3333333333333333, "24_CHEESE_receipt_00631_1": 0.0, "0_ _receipt_00591_0": 3.0, "0_32,500_receipt_00474_0": 1.0, "1_GANACHE_receipt_00474_0": 0.0, "2_MOUSSE_receipt_00474_0": 1.0, "3_PIECE_receipt_00474_0": 0.0, "4_1_receipt_00474_0": 1.0, "0_1149,90_799_1": 0.14285714285714285, "1_0,00_799_1": 0.0, "2_1149,90_799_1": 0.14285714285714285, "3_0,00_799_1": 0.25, "4_TVA_799_1": 0.0, "5_TTC_799_1": 0.0, "6_HT_799_1": 0.0, "7_CODE_799_1": 0.0, "8_TAUX_799_1": 0.0, "9_DETAIL_799_1": 0.0, "10_TVA_799_1": 1.0, "11_0,10_799_1": 0.0, "12_MONNAIE_799_1": 0.14285714285714285, "13_RENDU_799_1": 0.0, "14_***_799_1": 1.0, "15_***_799_1": 1.3333333333333333, "16_:_799_1": 1.0, "17_1500,00_799_1": 0.0, "18_ESPECES_799_1": 0.0, "19_EN_799_1": 0.0, "20_EUR_799_1": 0.0, "21_PAIEMENT_799_1": 0.125, "22_1149,90_799_1": 0.14285714285714285, "23_PAYER_799_1": 0.0, "24_EN_799_1": 0.0, "25_EUR_799_1": 0.0, "26_NET_799_1": 0.0, "27_A_799_1": 0.0, "28_S/N_799_1": 0.0, "29_027939432979_799_1": 0.0, "30_1149,90_799_1": 0.2857142857142857, "31_1149,90_799_1": 0.14285714285714285, "0_Qty_X51005444046_1": 0.0, "1_Rounding_X51005444046_1": 0.0, "2_18_X51005444046_1": 0.0, "3_-0.02_X51005444046_1": 0.0, "4_Item_X51005444046_1": 0.0, "5_7_X51005444046_1": 0.0, "6_@_X51005444046_1": 0.0, "7_66.17_X51005444046_1": 0.0, "8_Total_X51005444046_1": 0.0, "9_with_X51005444046_1": 0.0, "10_GST_X51005444046_1": 0.0, "11_6%_X51005444046_1": 0.0, "12_5.90*4_X51005444046_1": 0.16666666666666666, "13_1810061602_X51005444046_1": 0.0, "14_23.60_X51005444046_1": 0.0, "15_Z_X51005444046_1": 1.0, "16_(105)_X51005444046_1": 0.0, "17_VALENCIA_X51005444046_1": 0.0, "18_SA_X51005444046_1": 0.0, "19_8S_X51005444046_1": 0.5, "20_7.50_X51005444046_1": 0.0, "21_7.50_X51005444046_1": 0.0, "22_1810078202_X51005444046_1": 0.0, "23_1_X51005444046_1": 0.0, "24_Z_X51005444046_1": 1.0, "25_GREEN_X51005444046_1": 0.0, "26_(175)_X51005444046_1": 0.0, "27_APPLE_X51005444046_1": 0.0, "28_10S_X51005444046_1": 0.3333333333333333, "29_1.29_X51005444046_1": 0.25, "30_0.837_X51005444046_1": 0.0, "31_1.08_X51005444046_1": 0.0, "32_Z_X51005444046_1": 1.0, "33_(JAPANESE_X51005444046_1": 0.0, "34_CUCUMBER)_X51005444046_1": 0.0, "35_TIMUN_X51005444046_1": 0.0, "36_JEPUN_X51005444046_1": 0.0, "37_KG_X51005444046_1": 0.0, "38_8.60_X51005444046_1": 0.0, "39_2_X51005444046_1": 0.0, "40_Z_X51005444046_1": 1.0, "41_1810064501_X51005444046_1": 0.0, "42_17.20_X51005444046_1": 0.0, "43_PINEAPPLE_X51005444046_1": 0.0, "44_LOCAL_X51005444046_1": 0.0, "45_1S_X51005444046_1": 0.5, "46_4.91*0.528_X51005444046_1": 0.1, "47_2.59_X51005444046_1": 0.0, "48_Z_X51005444046_1": 1.0, "49_(SUSU)_X51005444046_1": 0.6666666666666666, "50_(KG)_X51005444046_1": 0.0, "51_HONEY_X51005444046_1": 0.0, "52_MANGO_X51005444046_1": 0.0, "0_A_170_2": 0.0, "1_BIENTOT_170_2": 0.0, "0_CHANGE DUE_receipt_00391_1": 0.1, "1_0_receipt_00391_1": 1.0, "2_TCASH 5236_receipt_00391_1": 0.0, "3_17,000_receipt_00391_1": 0.0, "0_A_408_1": 0.0, "1_BIENTOT_408_1": 0.0, "2_MERCI_408_1": 0.0, "3_DE_408_1": 0.0, "4_VOTRE_408_1": 0.0, "5_VISITE_408_1": 0.0, "6_000039_408_1": 0.16666666666666666, "7_27/04/2017_408_1": 0.0, "8_11:55:59_408_1": 0.0, "9_0004_408_1": 0.0, "10_004_408_1": 0.0, "11_5.01\u20ac_408_1": 0.4, "12_SANS_408_1": 0.0, "13_CONTACT_408_1": 0.0, "14_EUR_408_1": 0.0, "15_CB_408_1": 0.5, "16_EMV_408_1": 0.0, "17_(S)_408_1": 0.6666666666666666, "18_5.01\u20ac_408_1": 0.4, "19_ARTICLE_408_1": 0.0, "20_TOTAL_408_1": 0.0, "21_A_408_1": 1.0, "22_PAYER_408_1": 0.0, "23_2_408_1": 0.0, "24_CHOCO_408_1": 0.2, "25_1.51\u20ac_408_1": 0.4, "26_*SABLES_408_1": 0.14285714285714285, "27_TOUT_408_1": 0.75, "28_3.50\u20ac_408_1": 0.4, "29_*BQ_408_1": 0.6666666666666666, "30_4FRT_408_1": 0.0, "31_GOLDEN_408_1": 0.0, "32_RDF_408_1": 0.3333333333333333, "33_QTE_408_1": 1.0, "34_MONTANT_408_1": 0.14285714285714285, "35_DESCRIPTION_408_1": 0.0, "0_43,75_731_0": 0.2, "1_\u20ac_731_0": 0.0, "2_BOUCHERIE_731_0": 0.1111111111111111, "3_1_731_0": 0.0, "4_n13419_731_0": 0.16666666666666666, "5_Note_731_0": 0.0, "6_-_731_0": 1.0, "7_16:16_731_0": 0.0, "8_2017_731_0": 0.0, "9_fevrier_731_0": 0.0, "10_samedi_731_0": 0.0, "11_11_731_0": 1.0, "12_00019_731_0": 0.0, "13_Siret:_731_0": 0.16666666666666666, "14_311_731_0": 0.3333333333333333, "15_820_731_0": 0.0, "16_821_731_0": 0.0, "17_TEL_731_0": 0.0, "18_27_731_0": 1.0, "19_20_731_0": 0.0, "20_89_731_0": 1.0, "21_05_731_0": 0.5, "22_JARNE_731_0": 0.0, "23_17220_731_0": 0.0, "24_LA_731_0": 0.0, "25_Nationale_731_0": 0.0, "26_rue_731_0": 0.3333333333333333, "27_8_731_0": 0.0, "0_2,100_receipt_00574_1": 0.4, "1_KEMBALI_receipt_00574_1": 1.0, "2_TUNAI_receipt_00574_1": 0.8, "3_60.000_receipt_00574_1": 0.3333333333333333, "4_57,900_receipt_00574_1": 0.16666666666666666, "5_GRAND_receipt_00574_1": 0.2, "6_TOTAL_receipt_00574_1": 0.0, "7_10.00_receipt_00574_1": 0.8, "8_%_receipt_00574_1": 1.0, "9_5,264_receipt_00574_1": 0.4, "10_TAX_receipt_00574_1": 0.6666666666666666, "11_52.636_receipt_00574_1": 0.0, "12_TOTAL_receipt_00574_1": 0.6, "13_A.MINERAL_receipt_00574_1": 1.0, "14_GELAS_receipt_00574_1": 0.6, "15_1_receipt_00574_1": 1.0, "16_3,000_receipt_00574_1": 0.2, "17_3,000_receipt_00574_1": 0.2, "18_1_receipt_00574_1": 1.0, "19_6.000_receipt_00574_1": 0.0, "20_PUTIH_receipt_00574_1": 0.4, "21_6,000_receipt_00574_1": 0.0, "22_NASI_receipt_00574_1": 0.75, "23_1_receipt_00574_1": 1.0, "24_43.636_receipt_00574_1": 0.6666666666666666, "25_TAHU_receipt_00574_1": 0.5, "26_43.636_receipt_00574_1": 0.8333333333333334, "27_BASO_receipt_00574_1": 0.75, "0_:_597_0": 1.0, "1_Tel_597_0": 0.0, "2_LA_597_0": 0.0, "3_17000_597_0": 0.0, "4_ROCHELLE_597_0": 0.0, "5_RUE_597_0": 0.0, "6_DE_597_0": 0.0, "7_33_597_0": 0.0, "8_LA_597_0": 0.0, "9_SCIERIE_597_0": 0.0, "10_CRF-CITY_597_0": 0.0, "11_ROCHELLE_597_0": 0.0, "12_LA_597_0": 0.5, "0_VISITE_398_1": 0.0, "1_DE_398_1": 0.0, "2_VOTRE_398_1": 0.0, "3_MERCI_398_1": 0.0, "4_02/05/2017_398_1": 0.0, "5_11:51:51_398_1": 0.0, "6_0003_398_1": 0.25, "7_004_398_1": 0.0, "8_000117_398_1": 0.0, "9_6.86\u20ac_398_1": 0.0, "10_CONTACT_398_1": 0.0, "11_EUR_398_1": 0.0, "12_CB_398_1": 0.0, "13_EMV_398_1": 0.3333333333333333, "14_SANS_398_1": 0.0, "15_(S)_398_1": 1.0, "16_TOTAL_398_1": 0.0, "17_A_398_1": 0.0, "18_PAYER_398_1": 0.0, "19_6.86\u20ac_398_1": 0.0, "20_3_398_1": 2.0, "21_ARTICLE_398_1": 0.0, "22_1.99\u20ac_398_1": 0.4, "23_BOIRE_398_1": 0.2, "24_VANI_398_1": 0.5, "25_*VACHE_398_1": 0.5, "26_A_398_1": 0.0, "27_GUERANDE_398_1": 0.0, "28_1.61\u20ac_398_1": 0.4, "29_*SEL_398_1": 0.25, "30_DE_398_1": 0.0, "31_*COUSCOUS_398_1": 0.1111111111111111, "32_3.26\u20ac_398_1": 0.4, "33_CRF_398_1": 0.0, "34_440G_398_1": 0.25, "35_QTE_398_1": 0.0, "36_DESCRIPTION_398_1": 0.0, "37_MONTANT_398_1": 0.14285714285714285, "0_DU_receipt_00019_1": 0.5, "1_142,358_receipt_00019_1": 0.0, "2_10%_receipt_00019_1": 0.3333333333333333, "3_Tax_receipt_00019_1": 0.3333333333333333, "4_80,580_receipt_00019_1": 0.5, "5_SERVICE_receipt_00019_1": 0.14285714285714285, "6_CHARGE_receipt_00019_1": 0.16666666666666666, "7_1,343,000_receipt_00019_1": 0.2222222222222222, "8_SUBTOTAL_receipt_00019_1": 0.0, "9_70,000_receipt_00019_1": 0.16666666666666666, "10_OTHERS_receipt_00019_1": 0.0, "11_60,000_receipt_00019_1": 0.3333333333333333, "12_BEVERAGES_receipt_00019_1": 0.0, "13_1,213,000_receipt_00019_1": 0.2222222222222222, "14_FOOD_receipt_00019_1": 0.75, "15_10,000_receipt_00019_1": 0.3333333333333333, "16_70,000_receipt_00019_1": 0.0, "17_PUTIH_receipt_00019_1": 0.2, "18_7_receipt_00019_1": 1.0, "19_NASI_receipt_00019_1": 0.75, "20_12,000_receipt_00019_1": 0.6666666666666666, "21_60,000_receipt_00019_1": 0.3333333333333333, "22_5_receipt_00019_1": 1.0, "23_ICED_receipt_00019_1": 0.0, "24_TEA_receipt_00019_1": 0.0, "25_=*LARGE*==_receipt_00019_1": 0.6, "26_116,000_receipt_00019_1": 0.7142857142857143, "27_BIHUN_receipt_00019_1": 1.2, "28_GORENG_receipt_00019_1": 0.16666666666666666, "29_JJ_receipt_00019_1": 1.0, "30_1_receipt_00019_1": 1.0, "31_ASAM_receipt_00019_1": 1.0, "32_MANIS_receipt_00019_1": 0.6, "0_Again_X51005230659_1": 0.0, "1_Thank_X51005230659_1": 0.0, "2_You!_X51005230659_1": 0.25, "3_Please_X51005230659_1": 0.0, "4_Come_X51005230659_1": 0.25, "5_!_X51005230659_1": 1.0, "6_BA6_X51005230659_1": 1.0, "7_Inciuded_X51005230659_1": 0.125, "8_la_X51005230659_1": 1.0, "9_Totel_X51005230659_1": 0.2, "10_0.45_X51005230659_1": 0.0, "11_CHANGE_X51005230659_1": 0.0, "12_2.00_X51005230659_1": 0.0, "13_CASH_X51005230659_1": 0.0, "14_10.00_X51005230659_1": 0.0, "15_TOTAL_X51005230659_1": 0.0, "16_AMOUNT_X51005230659_1": 0.0, "17_8.00_X51005230659_1": 0.0, "18_Qty_X51005230659_1": 0.3333333333333333, "19_Total_X51005230659_1": 0.0, "20_:_X51005230659_1": 1.0, "21_8.00_X51005230659_1": 0.0, "22_8.00_X51005230659_1": 0.0, "23_20X30_X51005230659_1": 0.6, "24_1KG_X51005230659_1": 0.3333333333333333, "25_1KG91X30)_X51005230659_1": 0.1111111111111111, "26_20X30_X51005230659_1": 0.6, "27_BEG_X51005230659_1": 0.0, "28_Qty_X51005230659_1": 0.3333333333333333, "29_Amt._X51005230659_1": 0.25, "30_Item/Desc._X51005230659_1": 0.0, "31_Price_X51005230659_1": 0.0, "32_11:07:06_X51005230659_1": 0.0, "33_08/01/2018_X51005230659_1": 0.0, "34_Cashier:_X51005230659_1": 0.0, "35_123_X51005230659_1": 0.0, "0_47,000_receipt_00376_0": 0.16666666666666666, "1_1_receipt_00376_0": 1.0, "2_SHISHA_receipt_00376_0": 0.3333333333333333, "3_39,800_receipt_00376_0": 0.5, "4_1_receipt_00376_0": 0.0, "5_FRIED_receipt_00376_0": 0.0, "6_RC_receipt_00376_0": 0.0, "7_SFOOD_receipt_00376_0": 0.8, "8_28,800_receipt_00376_0": 1.0, "9_1_receipt_00376_0": 2.0, "10_OREO_receipt_00376_0": 0.75, "11_MILK_receipt_00376_0": 0.0, "12_BLEND_receipt_00376_0": 0.0, "13_16,800_receipt_00376_0": 1.0, "14_TEA_receipt_00376_0": 1.0, "15_SWEEAT_receipt_00376_0": 0.8333333333333334, "16_ICE_receipt_00376_0": 0.0, "17_1_receipt_00376_0": 1.0, "0_ _receipt_00285_0": 1.0, "0_29.000_receipt_00733_0": 1.0, "1_29.000_receipt_00733_0": 0.5, "2_x1_receipt_00733_0": 1.0, "3_1023-Chocochip_receipt_00733_0": 0.5, "4_&_receipt_00733_0": 1.0, "5_Walnut_receipt_00733_0": 0.16666666666666666, "0_ _receipt_00159_0": 5.0, "0_Delaiis:_174_1": 0.375, "1_compte_174_1": 0.0, "2_Carrefour._174_1": 0.1, "3_votre_174_1": 0.0, "4_fidelite_174_1": 0.0, "5_compte_174_1": 0.0, "6_fidelite_174_1": 0.125, "7_Carrefour._174_1": 0.0, "8_votre_174_1": 0.0, "9_0.09\u20ac_174_1": 0.4, "10_sur_174_1": 0.0, "11_auriez_174_1": 0.0, "12_cumule_174_1": 0.0, "13_vous_174_1": 0.0, "14_fidelite,_174_1": 0.1111111111111111, "15_la_174_1": 0.0, "16_carte_174_1": 0.0, "17_aviez_174_1": 0.0, "18_CARTE_174_1": 0.0, "19_BANCAIRE_174_1": 0.0, "20_EMV_174_1": 0.0, "21_EUR_174_1": 0.0, "22_4.68\u20ac_174_1": 0.4, "23_ARTICLE_174_1": 0.0, "24_(S)_174_1": 0.3333333333333333, "25_TOTAL_174_1": 0.0, "26_A_174_1": 0.0, "27_PAYER_174_1": 0.0, "28_4.68\u20ac_174_1": 0.4, "29_2_174_1": 0.0, "30_1.80\u20ac_174_1": 0.4, "31_*6X1.5L_174_1": 0.2857142857142857, "32_EAU_174_1": 0.3333333333333333, "33_SOURCE_174_1": 0.0, "34_*6X1,5L_174_1": 0.42857142857142855, "35_MIN._174_1": 0.25, "36_2.88\u20ac_174_1": 0.4, "37_PETEAU_174_1": 0.0, "0_prochain_736_2": 0.0, "1_voyage_736_2": 0.0, "2_Preparez_736_2": 0.0, "3_votre_736_2": 0.0, "4_sur_736_2": 0.0, "5_autoroute_736_2": 0.0, "6_avec_736_2": 0.0, "7_Areas_736_2": 0.0, "0_TTC_721_0": 0.6666666666666666, "1_TVA_721_0": 0.6666666666666666, "2_Ticket_721_0": 0.0, "3_06/01/170_721_0": 0.3333333333333333, "4_04IY_721_0": 0.5, "5_03000_721_0": 0.0, "6_janvier_721_0": 0.0, "7_2017_721_0": 0.25, "8_14:38_721_0": 0.0, "9_Caisse_721_0": 0.0, "10_004-0112_721_0": 0.0, "11_06_721_0": 0.5, "12_TEL.:_721_0": 0.8, "13_LA_721_0": 0.0, "14_VOUS_721_0": 1.0, "15_SOUHAITE_721_0": 0.0, "16_D'ANGELY_721_0": 0.0, "17_SAINT_721_0": 0.0, "18_JEAN_721_0": 0.0, "0_ _receipt_00080_0": 2.0, "0_MARKET_217_2": 0.0, "1_AYTRE_217_2": 0.0, "2_CARREFOUR_217_2": 0.0, "3_09/12/2016_217_2": 0.1, "4_17:01:10_217_2": 0.0, "5_0106_217_2": 0.0, "6_012_217_2": 0.0, "7_000255_217_2": 0.0, "8_BANCAIRE_217_2": 0.0, "9_EMV_217_2": 0.0, "10_EUR_217_2": 0.0, "11_19.20\u20ac_217_2": 0.3333333333333333, "12_CARTE_217_2": 0.0, "13_19.20\u20ac_217_2": 0.3333333333333333, "14_ARTICLE_217_2": 0.0, "15_PAYER_217_2": 0.0, "16_(S)_217_2": 1.0, "17_TOTAL_217_2": 0.0, "18_A_217_2": 1.0, "19_8_217_2": 0.0, "20_AVANTAGES_217_2": 0.0, "21_-0.56\u20ac_217_2": 0.0, "22_DES_217_2": 0.0, "23_JOUR_217_2": 0.0, "24_TOTAL_217_2": 0.0, "25_DU_217_2": 1.0, "26_-0.56\u20ac_217_2": 0.16666666666666666, "27_IMMEDIATES_217_2": 0.2, "28_REMISES_217_2": 0.0, "29_TOTAL_217_2": 0.0, "30_19.76\u20ac_217_2": 0.3333333333333333, "31_(S)_217_2": 0.6666666666666666, "32_AVANT_217_2": 0.0, "33_RENISES_217_2": 0.0, "34_ARTICLE_217_2": 0.0, "35_TOTAL_217_2": 0.0, "36_8_217_2": 0.0, "0_bientot..._737_2": 0.3, "1_votre_737_2": 0.0, "2_visite,_737_2": 0.14285714285714285, "3_a_737_2": 1.0, "4_Merci_737_2": 0.0, "5_de_737_2": 0.0, "6_BONNE_737_2": 0.0, "7_:_737_2": 1.0, "8_reglement_737_2": 0.0, "9_50,30_737_2": 0.2, "10_\u20ac_737_2": 0.0, "11_Total_737_2": 0.0, "0_ _receipt_00694_0": 3.0, "0_ _receipt_00590_1": 4.0, "0_vous_435_1": 0.0, "1_auriez_435_1": 0.0, "2_0.05\u20ac_435_1": 0.4, "3_cumule_435_1": 0.0, "4_sur_435_1": 0.0, "5_fidelite,_435_1": 0.0, "6_aviez_435_1": 0.0, "7_carte_435_1": 0.0, "8_Votre_435_1": 0.0, "9_Monnaie_435_1": 0.0, "10_-40.43\u20ac_435_1": 0.2857142857142857, "11_50.00\u20ac_435_1": 0.3333333333333333, "12_ESPECES_435_1": 0.0, "13_EUR_435_1": 0.0, "14_ARTICLE(S)_435_1": 0.0, "15_9.57\u20ac_435_1": 0.4, "16_5_435_1": 0.0, "17_TOTAL_435_1": 0.0, "18_A_435_1": 0.0, "19_PAYER_435_1": 0.0, "20_*PIZZA_435_1": 1.0, "21_HOZZAR.RISTO_435_1": 0.08333333333333333, "22_2.69\u20ac_435_1": 0.4, "23_1/2E.BIO_435_1": 0.25, "24_*LT_435_1": 0.3333333333333333, "25_CRF_435_1": 0.0, "26_1L_435_1": 1.0, "27_1.05\u20ac_435_1": 0.4, "28_*BRK_435_1": 0.0, "29_1L_435_1": 0.5, "30_PJ_435_1": 1.0, "31_ORANGE_435_1": 0.0, "32_2.07\u20ac_435_1": 0.4, "33_*BRIOCHE_435_1": 0.0, "34_CARREFOUR_435_1": 0.0, "35_1.48\u20ac_435_1": 0.4, "36_*BEURRE_435_1": 0.14285714285714285, "37_BIO_435_1": 0.3333333333333333, "38_1/2_435_1": 0.3333333333333333, "39_SEL_435_1": 0.0, "40_2.28\u20ac_435_1": 0.4, "0_DESCRIPTION_299_0": 0.09090909090909091, "1_QTE_299_0": 0.6666666666666666, "2_NONTANT_299_0": 0.14285714285714285, "3_:_299_0": 2.0, "4_Tel_299_0": 0.0, "5_17000_299_0": 0.2, "6_LA_299_0": 0.0, "7_ROCHELLE_299_0": 0.0, "8_33_299_0": 0.0, "9_RUE_299_0": 0.0, "10_DE_299_0": 0.5, "11_LA_299_0": 0.5, "12_SCIERIE_299_0": 0.14285714285714285, "13_CRF-CITY_299_0": 0.125, "14_LA_299_0": 0.5, "15_ROCHELLE_299_0": 0.0, "0_EUR_738_0": 0.0, "1_Tel_738_0": 0.0, "2_:_738_0": 1.0, "3_89_738_0": 0.0, "4_32_738_0": 0.5, "5_32_738_0": 0.0, "6_Angoulins_738_0": 0.2222222222222222, "7_17690_738_0": 0.0, "8_Mer_738_0": 0.0, "9_Sur_738_0": 0.3333333333333333, "10_RN_738_0": 0.0, "11_137_738_0": 0.0, "12_Les_738_0": 0.0, "13_Hautes_738_0": 0.0, "14_Versennes_738_0": 0.0, "15_STOKOMANI_738_0": 0.0, "0_DESCRIPTION_243_0": 0.0, "1_QTE_243_0": 1.0, "2_MONTANT_243_0": 0.42857142857142855, "3_Gargot_243_0": 0.0, "4_Aytre._243_0": 0.3333333333333333, "5_Rue_243_0": 0.0, "6_Nicolas_243_0": 0.0, "7_17440_243_0": 0.2, "8_Dimanche_243_0": 0.0, "9_12h30_243_0": 0.0, "10_9h_243_0": 1.0, "11_a_243_0": 0.0, "12_Lurdi_243_0": 0.0, "13_au_243_0": 0.0, "14_Samedi_243_0": 0.0, "15_de_243_0": 0.0, "16_9h_243_0": 0.5, "17_a_243_0": 1.0, "18_20h00_243_0": 0.0, "19_Tel_243_0": 0.0, "20_0546457320_243_0": 0.0, "21_Carrefour_243_0": 0.0, "22_market_243_0": 0.0, "23_AYTRE_243_0": 0.2, "0_MERCI_719_2": 0.0, "1_DE_719_2": 0.0, "2_VOTRE_719_2": 0.0, "3_VISITE_719_2": 0.0, "4_8.30_719_2": 0.0, "5_12.00_719_2": 0.0, "6_H_719_2": 1.0, "7_14.00_719_2": 0.0, "8_H_719_2": 1.0, "9_H_719_2": 0.0, "10_18.30_719_2": 0.0, "11_H_719_2": 1.0, "12_OUVERT_719_2": 0.0, "13_DU_719_2": 0.5, "14_LUNDI_719_2": 0.0, "15_AU_719_2": 0.5, "16_SAMEDI_719_2": 0.0, "17_87.4/Carte_719_2": 0.0, "18_RGLT:_719_2": 0.0, "19_573,31_719_2": 0.0, "20_Mt_719_2": 0.0, "21_en_719_2": 0.0, "22_FRF_719_2": 0.0, "23_FRF_719_2": 0.0, "24_DONT_719_2": 0.0, "25_TVA_719_2": 0.0, "26_TOTAL_719_2": 0.0, "27_TTC_719_2": 0.0, "0_975,000.00_receipt_00152_0": 0.0, "1_975,000.00_receipt_00152_0": 0.0, "2_1_receipt_00152_0": 0.0, "3_WACOM_receipt_00152_0": 0.4, "4_BAMBOO_receipt_00152_0": 0.0, "5_PEN_receipt_00152_0": 0.3333333333333333, "6_043026001_receipt_00152_0": 0.1111111111111111, "0_BIENTOT_26_1": 0.0, "1_A_26_1": 0.0, "2_MERCI_26_1": 0.0, "3_DE_26_1": 0.0, "4_VOTRE_26_1": 0.0, "5_VISITE_26_1": 0.0, "6_0003_26_1": 0.0, "7_004_26_1": 0.0, "8_000069_26_1": 0.16666666666666666, "9_01/03/2017_26_1": 0.0, "10_12:04:07_26_1": 0.0, "11_CB_26_1": 0.0, "12_EMV_26_1": 0.3333333333333333, "13_SANS_26_1": 0.0, "14_CONTACT_26_1": 0.0, "15_EUR_26_1": 0.0, "16_4.93\u20ac_26_1": 0.4, "17_ARTICLE_26_1": 0.0, "18_(S)_26_1": 1.0, "19_2_26_1": 0.0, "20_TOTAL_26_1": 0.2, "21_A_26_1": 0.0, "22_PAYER_26_1": 0.0, "23_4.93\u20ac_26_1": 0.4, "24_MAQUERX_26_1": 0.14285714285714285, "25_*FILET_26_1": 0.16666666666666666, "26_MOUT_26_1": 1.0, "27_1.28\u20ac_26_1": 0.4, "28_*COUSCOUS_26_1": 0.1111111111111111, "29_MAROCAINE_26_1": 0.3333333333333333, "30_3.65\u20ac_26_1": 0.4, "0_TOTAL_receipt_00389_1": 0.0, "1_QTY_receipt_00389_1": 1.0, "2_1_receipt_00389_1": 1.0, "3_PCS_receipt_00389_1": 0.0, "4_1_receipt_00389_1": 1.0, "5_ITEM_receipt_00389_1": 0.0, "6_CASH_receipt_00389_1": 0.75, "7_20,000_receipt_00389_1": 0.0, "8_DUE_receipt_00389_1": 0.3333333333333333, "9_19,500_receipt_00389_1": 0.0, "10_SUBTOTAL_receipt_00389_1": 0.125, "11_19,500_receipt_00389_1": 0.16666666666666666, "12_1_receipt_00389_1": 1.0, "13_Pillow_receipt_00389_1": 0.0, "14_Kombi_receipt_00389_1": 0.0, "15_19,500_receipt_00389_1": 0.3333333333333333, "0_:_88_0": 1.0, "1_Tel_88_0": 0.0, "2_ROCHELLE_88_0": 0.0, "3_17000_88_0": 0.0, "4_LA_88_0": 0.0, "5_LA_88_0": 0.0, "6_SCIERIE_88_0": 0.14285714285714285, "7_33_88_0": 0.0, "8_RUE_88_0": 0.0, "9_DE_88_0": 0.0, "10_CRF-CITY_88_0": 0.0, "11_ROCHELLE_88_0": 0.0, "12_LA_88_0": 0.0, "0_Rp._receipt_00694_1": 0.3333333333333333, "1_0000_receipt_00694_1": 0.5, "2_Kembali_receipt_00694_1": 0.14285714285714285, "3_250.000_receipt_00694_1": 0.14285714285714285, "4_Rp._receipt_00694_1": 1.0, "5_Tunai_receipt_00694_1": 0.0, "6_48,540_receipt_00694_1": 0.3333333333333333, "7_Liter_receipt_00694_1": 0.2, "8_Harga/liter_receipt_00694_1": 0.09090909090909091, "9_Rp._receipt_00694_1": 0.6666666666666666, "10_5.150_receipt_00694_1": 0.4, "11_Solar_receipt_00694_1": 0.4, "12_Jenis_receipt_00694_1": 0.2, "13_BBM_receipt_00694_1": 0.6666666666666666, "14_Bio_receipt_00694_1": 0.3333333333333333, "0_DESCRIPTION_395_0": 0.09090909090909091, "1_QTE_395_0": 1.0, "2_MONTANT_395_0": 0.2857142857142857, "3_:_395_0": 1.0, "4_Tel_395_0": 0.0, "5_17000_395_0": 0.0, "6_ROCHELLE_395_0": 0.0, "7_33_395_0": 0.0, "8_RUE_395_0": 0.0, "9_LA_395_0": 0.5, "10_SCIERIE_395_0": 0.14285714285714285, "11_DE_395_0": 0.0, "12_CRF-CITY_395_0": 0.0, "13_LA_395_0": 0.0, "14_ROCHELLE_395_0": 0.0, "0_ _receipt_00498_0": 3.0, "0_003_369_1": 0.0, "1_000117_369_1": 0.0, "2_30/05/2017_369_1": 0.0, "3_12:44:42_369_1": 0.0, "4_CB_369_1": 1.0, "5_EMV_369_1": 0.6666666666666666, "6_SANS_369_1": 0.0, "7_CONTACT_369_1": 0.0, "8_EUR_369_1": 0.0, "9_6.75\u20ac_369_1": 0.4, "10_4_369_1": 0.0, "11_ARTICLE_369_1": 0.2857142857142857, "12_(S)_369_1": 0.6666666666666666, "13_TOTAL_369_1": 0.8, "14_A_369_1": 1.0, "15_PAYER_369_1": 0.0, "16_6.75\u20ac_369_1": 0.4, "17_0.335kg_369_1": 0.0, "18_x_369_1": 0.0, "19_4.50\u20ac/kg_369_1": 0.125, "20_*NECTAINE_369_1": 0.2222222222222222, "21_CHAIR_369_1": 0.2, "22_JA_369_1": 1.0, "23_A_369_1": 1.0, "24_1.51\u20ac_369_1": 0.4, "25_KEAU_369_1": 0.5, "26_ISTALINE_369_1": 0.125, "27_CI_369_1": 1.0, "28_X6_369_1": 0.0, "29_1.20\u20ac_369_1": 0.0, "30_0.155kg_369_1": 0.0, "31_x_369_1": 0.0, "32_1.95\u20ac/kg_369_1": 0.375, "33_*BANAN_369_1": 0.3333333333333333, "34_0.30\u20ac_369_1": 0.4, "35_*320G_369_1": 0.4, "36_LD.MANHATTAN_369_1": 0.4166666666666667, "37_3.74\u20ac_369_1": 0.4, "38_DESCRIPTION_369_1": 0.09090909090909091, "39_QTE_369_1": 1.6666666666666667, "40_MONTANT_369_1": 0.42857142857142855, "0_DE_109_1": 0.0, "1_MERCI_109_1": 0.0, "2_VOTRE_109_1": 0.0, "3_VISITE_109_1": 0.0, "4_0003_109_1": 0.0, "5_19/08/2016_109_1": 0.0, "6_002_109_1": 0.0, "7_000254_109_1": 0.0, "8_12:58:54_109_1": 0.0, "9_CARTE_109_1": 0.0, "10_BANCAIRE_109_1": 0.0, "11_EMV_109_1": 0.3333333333333333, "12_EUR_109_1": 0.0, "13_2.61\u20ac_109_1": 0.4, "14_1_109_1": 0.0, "15_ARTICLE_109_1": 0.0, "16_(S)_109_1": 0.3333333333333333, "17_TOTAL_109_1": 0.0, "18_A_109_1": 0.0, "19_PAYER_109_1": 0.0, "20_2.61\u20ac_109_1": 0.0, "21_CUP_109_1": 0.6666666666666666, "22_TORTEL.RICOT.E_109_1": 0.07142857142857142, "23_2.61\u20ac_109_1": 0.4, "0_1,092,542_receipt_00124_1": 0.0, "1_DU_receipt_00124_1": 1.0, "2_99,322_receipt_00124_1": 0.16666666666666666, "3_Tax_receipt_00124_1": 1.0, "4_10%_receipt_00124_1": 0.3333333333333333, "5_56,220_receipt_00124_1": 0.0, "6_SERVICE_receipt_00124_1": 0.14285714285714285, "7_CHARGE_receipt_00124_1": 0.16666666666666666, "8_937,000_receipt_00124_1": 0.14285714285714285, "9_SUBTOTAL_receipt_00124_1": 0.0, "10_80,000_receipt_00124_1": 0.0, "11_OTHERS_receipt_00124_1": 0.16666666666666666, "12_100,000_receipt_00124_1": 0.0, "13_BEVERAGES_receipt_00124_1": 0.0, "14_757,000_receipt_00124_1": 0.0, "15_FOOD_receipt_00124_1": 0.75, "16_12,000_receipt_00124_1": 0.0, "17_ICED_receipt_00124_1": 1.0, "18_36,000_receipt_00124_1": 0.16666666666666666, "19_TEA_receipt_00124_1": 0.3333333333333333, "20_3_receipt_00124_1": 1.0, "21_36,000_receipt_00124_1": 0.8333333333333334, "22_12,000_receipt_00124_1": 0.0, "23_HOT_receipt_00124_1": 0.6666666666666666, "24_TEA_receipt_00124_1": 0.3333333333333333, "25_3_receipt_00124_1": 1.0, "26_80,000_receipt_00124_1": 0.0, "27_10,000_receipt_00124_1": 0.16666666666666666, "28_NASI_receipt_00124_1": 0.5, "29_PUTIH_receipt_00124_1": 0.2, "30_8_receipt_00124_1": 1.0, "31_CRYSANTNUM_receipt_00124_1": 0.2, "32_2_receipt_00124_1": 0.0, "33_28,000_receipt_00124_1": 0.0, "34_14,000_receipt_00124_1": 0.16666666666666666, "35_CHINESE_receipt_00124_1": 0.14285714285714285, "36_TE_receipt_00124_1": 0.5, "37_2_receipt_00124_1": 0.0, "38_ASAM_receipt_00124_1": 1.0, "39_MANIS_receipt_00124_1": 0.4, "0_DESCRIPTION_335_0": 0.0, "1_QTE_335_0": 0.3333333333333333, "2_MONTANT_335_0": 0.2857142857142857, "3_:_335_0": 1.0, "4_Tel_335_0": 0.0, "5_17000_335_0": 0.0, "6_LA_335_0": 0.0, "7_ROCHELLE_335_0": 0.0, "8_33_335_0": 0.0, "9_RUE_335_0": 0.0, "10_DE_335_0": 0.0, "11_LA_335_0": 0.0, "12_SCIERIE_335_0": 0.0, "13_CRF-CITY_335_0": 0.0, "14_ROCHELLE_335_0": 0.0, "15_LA_335_0": 0.5, "0_Bref_638_2": 0.0, "1_tout_638_2": 0.0, "2_pour_638_2": 0.0, "3_vous_638_2": 0.0, "0_fr_660_2": 0.5, "1_Completez_660_2": 0.0, "2_questionnaire_660_2": 0.0, "3_satisfaction_660_2": 0.0, "4_notre_660_2": 0.0, "5_de_660_2": 0.0, "6_sur_660_2": 0.0, "7_Merci_660_2": 0.2, "8_Kiosk:_660_2": 0.16666666666666666, "9_K5_660_2": 0.5, "10_Tillster_660_2": 0.0, "11_Order_660_2": 0.4, "12_ID_660_2": 1.0, "13_7732_660_2": 0.0, "14_5,5_660_2": 0.6666666666666666, "15_TVA_660_2": 0.0, "16_\u20ac0,00_660_2": 0.2, "17_%_660_2": 0.0, "18_\u20ac0,00_660_2": 0.2, "19_TVA_660_2": 0.0, "20_20_660_2": 0.5, "21_%_660_2": 0.0, "22_\u20ac1,10_660_2": 0.4, "23_TVA_660_2": 0.0, "24_10_660_2": 0.0, "25_%_660_2": 0.0, "0_ _receipt_00771_0": 3.0, "0_15,455_receipt_00692_0": 0.6666666666666666, "1_Subtotal_receipt_00692_0": 0.5, "2_DISC._receipt_00692_0": 0.2, "3_-2.727_receipt_00692_0": 1.0, "4_-15%_receipt_00692_0": 0.75, "5_18,182_receipt_00692_0": 0.0, "6_Subtotal_receipt_00692_0": 0.375, "7_ALMOND_receipt_00692_0": 0.6666666666666666, "8_18,182_receipt_00692_0": 0.0, "9_CHOCO_receipt_00692_0": 0.4, "10_1_receipt_00692_0": 1.0, "0_300,300_receipt_00297_1": 0.14285714285714285, "1_TOTAL_receipt_00297_1": 0.0, "2_PEMBULATAN_receipt_00297_1": 0.0, "3_0_receipt_00297_1": 0.0, "4_CC_receipt_00297_1": 1.0, "5_BIAYA_receipt_00297_1": 0.0, "6_0_receipt_00297_1": 0.0, "7_25_receipt_00297_1": 1.0, "8_%_receipt_00297_1": 0.0, "9_PBM_receipt_00297_1": 0.3333333333333333, "10_PAJAK_receipt_00297_1": 0.4, "11_0_receipt_00297_1": 0.0, "12_10_receipt_00297_1": 0.0, "13_PAJAK_receipt_00297_1": 0.4, "14_PPN_receipt_00297_1": 0.3333333333333333, "15_%_receipt_00297_1": 0.0, "16_0_receipt_00297_1": 0.0, "17_TAMBAHAN_receipt_00297_1": 0.0, "18_BIAYA_receipt_00297_1": 0.0, "19_27,300_receipt_00297_1": 0.3333333333333333, "20_DISKON_receipt_00297_1": 0.0, "21_0_receipt_00297_1": 0.0, "22_SUBTOTAL_receipt_00297_1": 0.0, "23_273,000_receipt_00297_1": 0.0, "24_Total_receipt_00297_1": 0.8, "25_13_receipt_00297_1": 0.0, "26_Menu_receipt_00297_1": 0.0, "27_MINERAL_receipt_00297_1": 0.0, "28_1_receipt_00297_1": 0.0, "29_WATER_receipt_00297_1": 0.0, "30_8,000_receipt_00297_1": 0.0, "31_TEH_receipt_00297_1": 0.0, "32_1_receipt_00297_1": 0.0, "33_PAHIT_receipt_00297_1": 0.0, "34_PANAS_receipt_00297_1": 0.0, "35_6,000_receipt_00297_1": 0.0, "36_DINGIN_receipt_00297_1": 0.0, "37_1_receipt_00297_1": 0.0, "38_T._receipt_00297_1": 1.0, "39_TARIK_receipt_00297_1": 0.2, "40_GREENTEA_receipt_00297_1": 0.0, "41_20,000_receipt_00297_1": 0.16666666666666666, "42_JELLY_receipt_00297_1": 0.0, "0_22.000_receipt_00252_1": 0.16666666666666666, "1_Card_receipt_00252_1": 0.0, "2_Debet_receipt_00252_1": 0.2, "3_22.000_receipt_00252_1": 0.16666666666666666, "4_Total._receipt_00252_1": 0.3333333333333333, "5_2_receipt_00252_1": 2.0, "6_Total_receipt_00252_1": 0.2, "7_Item:_receipt_00252_1": 0.6, "8_0_receipt_00252_1": 2.0, "9_x1_receipt_00252_1": 1.0, "10_0_receipt_00252_1": 1.0, "11_Bag_receipt_00252_1": 0.3333333333333333, "12_Small_receipt_00252_1": 0.0, "13_6001-Plastic_receipt_00252_1": 0.3333333333333333, "14_22.000_receipt_00252_1": 0.16666666666666666, "15_x1_receipt_00252_1": 1.0, "16_22.000_receipt_00252_1": 0.16666666666666666, "17_Milk_receipt_00252_1": 0.25, "18_Toast_receipt_00252_1": 0.2, "0_A_779_2": 0.0, "1_!_779_2": 0.0, "2_DE_779_2": 0.0, "3_JOUER_779_2": 0.0, "4_VOUS_779_2": 0.75, "5_PAS_779_2": 0.0, "6_DE_779_2": 0.0, "7_DU_779_2": 1.0, "8_TICKET._779_2": 0.0, "9_PROMOTIONS)_779_2": 0.0, "10_(SAUF_779_2": 0.0, "11_ET_779_2": 0.0, "12_SUR_779_2": 0.0, "13_PRESENTATION_779_2": 0.0, "0_BIENTOT_372_2": 0.0, "1_VOTRE_372_2": 0.0, "2_VISITE_372_2": 0.0, "3_MERCI_372_2": 0.0, "4_DE_372_2": 0.0, "5_03/05/2017_372_2": 0.0, "6_11:52:45_372_2": 0.0, "7_004_372_2": 0.0, "8_000086_372_2": 0.0, "9_0010_372_2": 0.0, "0_TVA_776_0": 0.6666666666666666, "1_TTC_776_0": 1.0, "2_01000_776_0": 0.0, "3_24/12/16_776_0": 0.0, "4_0995_776_0": 0.0, "5_0_776_0": 0.0, "6_Ticket_776_0": 0.0, "7_decembre_776_0": 0.125, "8_2016_776_0": 0.0, "9_09:33_776_0": 0.0, "10_Caisse_776_0": 0.0, "11_009-0109_776_0": 0.125, "12_24_776_0": 1.0, "13_TEL.:_776_0": 0.6, "14_LA_776_0": 0.0, "15_SOUHAITE_776_0": 0.0, "16_VOUS_776_0": 1.0, "17_D'ANGELY_776_0": 0.0, "18_JEAN_776_0": 0.0, "19_SAINT_776_0": 0.0, "0_17,500_receipt_00446_0": 0.16666666666666666, "1_PREMIUM_receipt_00446_0": 0.5714285714285714, "2_MILK_receipt_00446_0": 0.0, "3_PAN_receipt_00446_0": 0.3333333333333333, "4_BREAD_receipt_00446_0": 1.0, "5_1_receipt_00446_0": 1.0, "0_DESCRIPTION_486_0": 0.0, "1_QTE_486_0": 0.3333333333333333, "2_MONTANT_486_0": 0.42857142857142855, "3_Gargot_486_0": 0.0, "4_Aytre._486_0": 0.16666666666666666, "5_Rue_486_0": 0.0, "6_Nicolas_486_0": 0.0, "7_17440_486_0": 0.0, "8_Dimanche_486_0": 0.0, "9_9h_486_0": 0.5, "10_a_486_0": 0.0, "11_12h30_486_0": 0.0, "12_Lundi_486_0": 0.0, "13_au_486_0": 0.0, "14_Samedi_486_0": 0.16666666666666666, "15_de_486_0": 0.0, "16_9h_486_0": 0.5, "17_a_486_0": 0.0, "18_20h00_486_0": 0.0, "19_:_486_0": 1.0, "20_Tel_486_0": 0.0, "21_0546457320_486_0": 0.1, "22_Carrefour_486_0": 0.0, "23_market_486_0": 0.0, "24_AYTRE_486_0": 0.0, "0_Rende:-vous_813_3": 0.18181818181818182, "1_sur_813_3": 0.0, "0_ _receipt_00020_0": 1.0, "0_QTE_534_0": 0.0, "1_MONTANT_534_0": 0.14285714285714285, "2_DESCRIPTION_534_0": 0.0, "3_:_534_0": 1.0, "4_Tel_534_0": 0.0, "5_ORLEANS_534_0": 0.0, "6_45000_534_0": 0.0, "7_1,_534_0": 1.0, "8_GRENIER_534_0": 0.0, "9_SEL_534_0": 0.0, "10_RUE_534_0": 0.0, "11_DU_534_0": 0.5, "12_A_534_0": 0.0, "13_ORLEANS_534_0": 0.0, "14_CITY_534_0": 0.0, "15_CARREFOUR_534_0": 0.0, "0_DESCRIPTION_589_0": 0.0, "1_QTE_589_0": 1.0, "2_MONTANT_589_0": 0.2857142857142857, "3_:_589_0": 2.0, "4_Tel_589_0": 0.0, "5_17000_589_0": 0.0, "6_ROCHELLE_589_0": 0.0, "7_LA_589_0": 0.0, "8_PLACE_589_0": 0.0, "9_CDT_589_0": 1.0, "10_MOTTE_589_0": 0.0, "11_ROUGE_589_0": 0.0, "12_SARL_589_0": 0.0, "13_MONTER_589_0": 0.0, "14_DISTRIBUTION_589_0": 0.08333333333333333, "0_Total_receipt_00776_1": 0.0, "1_3_receipt_00776_1": 0.0, "2_6.091_receipt_00776_1": 0.0, "3_P.Resto_receipt_00776_1": 0.0, "4_10%_receipt_00776_1": 0.3333333333333333, "5_60.909_receipt_00776_1": 0.3333333333333333, "6_Net_receipt_00776_1": 0.0, "7_Total_receipt_00776_1": 0.0, "0_CHANGE_receipt_00151_0": 1.0, "1_30.000_receipt_00151_0": 0.0, "2_CASH_receipt_00151_0": 1.0, "3_Rp. 52.000_receipt_00151_0": 0.3, "4_***TOTAL_receipt_00151_0": 0.375, "5_22.000_receipt_00151_0": 0.0, "6_ITEMS_receipt_00151_0": 0.4, "7_1Q_receipt_00151_0": 0.5, "8_Ice_receipt_00151_0": 1.0, "9_t_receipt_00151_0": 1.0, "10_grentea_receipt_00151_0": 0.2857142857142857, "11_1x_receipt_00151_0": 1.0, "12_22.000_receipt_00151_0": 0.16666666666666666, "13_Rp. 22.000_receipt_00151_0": 0.0, "0_TOTAL_receipt_00505_2": 0.0, "1_54,950_receipt_00505_2": 0.0, "2_PLASTIK_receipt_00505_2": 0.0, "3_TENTENG_receipt_00505_2": 0.0, "4_0_receipt_00505_2": 0.0, "5_SUBTOTAL_receipt_00505_2": 0.0, "6_54,950_receipt_00505_2": 0.0, "7_AMOUNT_receipt_00505_2": 0.0, "8_-2,400_receipt_00505_2": 0.16666666666666666, "9_DISC_receipt_00505_2": 1.0, "10_ITEM_receipt_00505_2": 0.25, "11_-30.000%_receipt_00505_2": 0.0, "12_BUGIS_receipt_00505_2": 0.0, "13_8,000_receipt_00505_2": 0.0, "14_AMOUNT_receipt_00505_2": 0.3333333333333333, "15_-2,400_receipt_00505_2": 0.16666666666666666, "16_DISC_receipt_00505_2": 0.75, "17_ITEM_receipt_00505_2": 0.25, "0_TOTAL_receipt_00308_1": 1.0, "1_1_receipt_00308_1": 1.0, "2_French_receipt_00308_1": 0.16666666666666666, "3_Fries_receipt_00308_1": 0.0, "4_FF_receipt_00308_1": 1.0, "5_1_receipt_00308_1": 2.0, "6_+_receipt_00308_1": 2.0, "7_Extra_receipt_00308_1": 0.2, "8_Ice_receipt_00308_1": 1.0, "9_Cream_receipt_00308_1": 0.8, "10_50.000_receipt_00308_1": 1.0, "11_1_receipt_00308_1": 2.0, "12_Extra_receipt_00308_1": 1.0, "13_Jelly_receipt_00308_1": 0.8, "14_1_receipt_00308_1": 2.0, "15_Lychee_receipt_00308_1": 0.3333333333333333, "16_15.000_receipt_00308_1": 1.0, "17_Blend_receipt_00308_1": 0.0, "18_GT_receipt_00308_1": 1.0, "19_(M)_receipt_00308_1": 1.0, "20_5.000_receipt_00308_1": 1.0, "21_1_receipt_00308_1": 2.0, "22_Mineral_receipt_00308_1": 0.14285714285714285, "23_water_receipt_00308_1": 0.4, "24_55.000_receipt_00308_1": 1.0, "25_(s)_receipt_00308_1": 1.0, "26_15.000_receipt_00308_1": 1.0, "0_remercie_496_2": 0.0, "1_de_496_2": 0.0, "2_votre_496_2": 0.0, "3_visite_496_2": 0.0, "4_Vous_496_2": 0.0, "5_CARREFOUR_496_2": 0.0, "6_MARKET_496_2": 0.0, "7_AYTRE_496_2": 0.0, "8_echange_496_2": 0.0, "9_repris_496_2": 0.0, "10_ni_496_2": 0.0, "11_Solde_496_2": 0.0, "12_ni_496_2": 0.0, "13_02/04/2017_496_2": 0.0, "14_11:28:00_496_2": 0.0, "15_0118_496_2": 0.0, "16_010_496_2": 0.0, "17_000078_496_2": 0.3333333333333333, "18_:_496_2": 1.0, "19_Carte_496_2": 0.0, "20_34.36\u20ac_496_2": 0.3333333333333333, "21_CARTE_496_2": 0.0, "22_BANCAIRE_496_2": 0.0, "23_EMV_496_2": 0.0, "24_EUR_496_2": 0.0, "25_ARTICLE(S)_496_2": 0.0, "26_PAYER_496_2": 0.0, "27_34.36\u20ac_496_2": 0.0, "28_TOTAL_496_2": 0.0, "29_A_496_2": 0.0, "30_13_496_2": 0.0, "0_CASH_receipt_00320_1": 0.25, "1_50,000_receipt_00320_1": 0.0, "0_MERCI_40_1": 0.0, "1_DE_40_1": 0.0, "2_VOTRE_40_1": 0.0, "3_VISITE_40_1": 0.0, "4_20/02/2017_40_1": 0.0, "5_0009_40_1": 0.0, "6_002_40_1": 0.0, "7_000208_40_1": 0.0, "8_12:20:06_40_1": 0.125, "9_EUR_40_1": 0.0, "10_CARTE_40_1": 0.0, "11_BANCAIRE_40_1": 0.125, "12_EMV_40_1": 0.3333333333333333, "13_8.65\u20ac_40_1": 0.6, "14_(S)_40_1": 0.6666666666666666, "15_4_40_1": 0.0, "16_ARTICLE_40_1": 0.0, "17_TOTAL_40_1": 0.0, "18_A_40_1": 0.0, "19_PAYER_40_1": 0.0, "20_8.65\u20ac_40_1": 0.6, "21_*ET.15X9_40_1": 0.25, "22_MOUCH.CLA._40_1": 0.2, "23_1.09\u20ac_40_1": 0.4, "24_*CLEMENTINES_40_1": 0.25, "25_1KG_40_1": 0.3333333333333333, "26_3.90\u20ac_40_1": 0.4, "27_*BALISTO_40_1": 0.0, "28_MIEL_40_1": 0.25, "29_AMAND_40_1": 0.2, "30_2.42\u20ac_40_1": 0.4, "31_*0_40_1": 0.5, "32_CRFRF_40_1": 0.0, "33_MOUCHOIR_40_1": 0.25, "34_1.24\u20ac_40_1": 0.4, "0_Change:_receipt_00481_1": 0.2857142857142857, "1_38.000,00_receipt_00481_1": 0.5555555555555556, "2_Tendered:_receipt_00481_1": 0.2222222222222222, "3_100.000,00_receipt_00481_1": 0.8, "4_Cash_receipt_00481_1": 0.25, "5_Total._receipt_00481_1": 0.3333333333333333, "6_62.000,00_receipt_00481_1": 0.1111111111111111, "7_Total_receipt_00481_1": 0.2, "8_Item:_receipt_00481_1": 1.0, "9_6_receipt_00481_1": 3.0, "10_0,00_receipt_00481_1": 1.0, "11_0,00_receipt_00481_1": 1.0, "12_x1_receipt_00481_1": 1.0, "13_1244-PLASTIK_receipt_00481_1": 0.25, "14_TENTENGAN_receipt_00481_1": 0.2222222222222222, "15_SEDANG_receipt_00481_1": 0.5, "16_14.500,00_receipt_00481_1": 0.5555555555555556, "17_14.500,00_receipt_00481_1": 0.4444444444444444, "18_x1_receipt_00481_1": 1.0, "19_1439-TUNA_receipt_00481_1": 0.3333333333333333, "20_CHEESE_receipt_00481_1": 0.16666666666666666, "21_WHEAT_receipt_00481_1": 0.2, "22_SANDWICH_receipt_00481_1": 0.75, "23_8.000,00_receipt_00481_1": 0.375, "24_24.000,00_receipt_00481_1": 0.2222222222222222, "25_x3_receipt_00481_1": 0.5, "26_1009-ROTI_receipt_00481_1": 0.4444444444444444, "27_KELAPA_receipt_00481_1": 0.3333333333333333, "0_-11.54\u20ac_523_1": 0.2857142857142857, "1_Votre_523_1": 0.0, "2_Monnaie_523_1": 0.0, "3_20.00\u20ac_523_1": 0.3333333333333333, "4_EUR_523_1": 0.0, "5_ESPECES_523_1": 0.0, "6_ARTICLE(S)_523_1": 0.0, "7_A_523_1": 0.0, "8_PAYER_523_1": 0.0, "9_8.46\u20ac_523_1": 0.6, "10_4_523_1": 0.0, "11_TOTAL_523_1": 0.8, "12_0%_523_1": 0.0, "13_1.50\u20ac_523_1": 0.4, "14_*PAIN_523_1": 0.0, "15_COMPLET_523_1": 0.0, "16_0.170kg_523_1": 0.0, "17_4.95\u20ac/kg_523_1": 0.375, "18_x_523_1": 0.0, "19_0.84\u20ac_523_1": 0.4, "20_LADY_523_1": 0.25, "21_*F_523_1": 1.0, "22_POMME_523_1": 0.4, "23_PINK_523_1": 0.0, "24_4.52\u20ac_523_1": 0.4, "25_POULET_523_1": 0.0, "26_PDT_523_1": 0.3333333333333333, "27_CHAM_523_1": 0.25, "28_*280G_523_1": 0.4, "29_1.60\u20ac_523_1": 0.4, "30_RAPE_523_1": 0.0, "31_BI_523_1": 0.0, "32_*200G_523_1": 0.4, "33_CAROTTE_523_1": 0.0, "34_QTE_523_1": 0.3333333333333333, "35_MONTANT_523_1": 0.14285714285714285, "36_DESCRIPTION_523_1": 0.0, "0_DESCRIPTION_50_0": 0.18181818181818182, "1_QTE_50_0": 0.0, "2_MONTANT_50_0": 0.42857142857142855, "3_Tel_50_0": 0.0, "4_17000_50_0": 0.0, "5_ROCHELLE_50_0": 0.0, "6_33_50_0": 0.0, "7_RUE_50_0": 0.0, "8_DE_50_0": 0.0, "9_LA_50_0": 0.5, "10_SCIERIE_50_0": 0.0, "11_CRF-CITY_50_0": 0.0, "12_ROCHELLE_50_0": 0.0, "13_LA_50_0": 0.5, "0_Goreng_receipt_00619_0": 0.16666666666666666, "1_Ayam_receipt_00619_0": 0.0, "2_23,636_receipt_00619_0": 0.16666666666666666, "3_Nasi_receipt_00619_0": 0.0, "4_1_receipt_00619_0": 1.0, "5_Goreng_receipt_00619_0": 0.16666666666666666, "6_29.091_receipt_00619_0": 0.0, "7_Nasi_receipt_00619_0": 0.0, "8_1_receipt_00619_0": 2.0, "0_80,000_receipt_00529_0": 0.16666666666666666, "1_1_receipt_00529_0": 1.0, "2_80,000_receipt_00529_0": 0.0, "3_0.00_receipt_00529_0": 0.0, "4_DP._receipt_00529_0": 0.0, "5_ORDER_receipt_00529_0": 0.2, "6_19EC0891_receipt_00529_0": 0.125, "0_0109_478_2": 0.25, "1_008_478_2": 0.0, "2_000035_478_2": 0.16666666666666666, "3_07/05/2017_478_2": 0.0, "4_09:50:17_478_2": 0.0, "5_Carte_478_2": 0.0, "6_:_478_2": 1.0, "7_CARTE_478_2": 0.0, "8_BANCAIRE_478_2": 0.0, "9_EMV_478_2": 0.3333333333333333, "10_EUR_478_2": 0.0, "11_35.58\u20ac_478_2": 0.3333333333333333, "12_ARTICLE(S)_478_2": 0.1, "13_TOTAL_478_2": 0.0, "14_A_478_2": 0.0, "15_PAY_478_2": 1.0, "16_35.58\u20ac_478_2": 0.3333333333333333, "17_TO_478_2": 1.0, "18_GL_478_2": 1.0, "19_AL_478_2": 1.0, "20_IKE_478_2": 0.6666666666666666, "21_35.58\u20ac_478_2": 0.3333333333333333, "22_*YAOURT_478_2": 1.0, "23_FRUIT_478_2": 0.2, "24_lak_478_2": 1.0, "25_1.88\u20ac_478_2": 0.4, "26_1.39\u20ac_478_2": 0.4, "0_1_receipt_00130_0": 0.0, "1_EGG_receipt_00130_0": 0.0, "2_TART_receipt_00130_0": 0.25, "3_13,000_receipt_00130_0": 0.0, "0_2,79_666_1": 0.25, "1_EUR_666_1": 0.0, "2_A_666_1": 0.0, "3_FRAISE_666_1": 0.16666666666666666, "4_DES_666_1": 0.0, "5_BOIS_666_1": 0.25, "6_MARA_666_1": 0.0, "7_0,90_666_1": 0.25, "8_RAISIN_666_1": 0.0, "9_EUR_666_1": 0.0, "10_A_666_1": 0.0, "11_TABOULE_666_1": 0.0, "12_RANOU_666_1": 0.0, "13_0,99_666_1": 0.25, "14_A_666_1": 1.0, "15_ALLONG_666_1": 0.0, "16_EUR_666_1": 0.0, "17_TOMATE_666_1": 0.0, "18_CERISE_666_1": 0.0, "19_1.05_666_1": 0.25, "20_EUR_666_1": 0.0, "21_A_666_1": 0.0, "22_PREC_666_1": 0.0, "23_BAGUETTE_666_1": 0.0, "24_SESAME_666_1": 0.0, "25_0,79_666_1": 0.5, "26_EUR_666_1": 0.0, "27_A_666_1": 0.0, "28_FARINE_666_1": 0.0, "29_LFC_666_1": 0.0, "30_BAG_666_1": 0.0, "31_BASE_666_1": 0.0, "32_EUR_666_1": 0.0, "33_1,65_666_1": 0.25, "34_A_666_1": 0.0, "35_PATURAGES_666_1": 0.0, "36_TOURTEAU_666_1": 0.0, "37_F_666_1": 0.0, "38_2,22_666_1": 0.25, "39_BLOC_666_1": 0.0, "40_EUR_666_1": 0.0, "41_A_666_1": 0.0, "42_NOIR_666_1": 0.0, "43_COTE_666_1": 0.0, "44_D'OR_666_1": 0.0, "45_EUR_666_1": 0.0, "46_1,77_666_1": 0.25, "47_A_666_1": 0.0, "48_PROTEGE_666_1": 0.0, "49_SLIP_666_1": 0.0, "50_ALWAYS_666_1": 0.0, "51_3,20EURO/k9_666_1": 0.2727272727272727, "52_4,11_666_1": 0.75, "53_EUR_666_1": 0.0, "54_A_666_1": 1.0, "55_kg_666_1": 0.5, "56_X_666_1": 0.0, "57_1,285_666_1": 0.2, "58_ABATE_666_1": 0.0, "59_VRAC_666_1": 0.0, "60_POIRE_666_1": 0.2, "61_2,50_666_1": 0.25, "62_P.BEUR_666_1": 0.0, "63_EUR_666_1": 0.0, "64_A_666_1": 0.0, "65_CHOCOLAT_666_1": 0.0, "66_PAIN_666_1": 0.25, "67_1,40_666_1": 0.25, "68_EUR_666_1": 0.0, "69_1,99EURO/kg_666_1": 0.18181818181818182, "70_A_666_1": 0.0, "71_kg_666_1": 1.0, "72_X_666_1": 0.0, "73_0,705_666_1": 0.2, "74_GRAPPE_666_1": 0.0, "75_TOMATE_666_1": 0.0, "0_100,000_receipt_00360_1": 0.0, "1_CASH_receipt_00360_1": 0.0, "2_28,000_receipt_00360_1": 0.0, "3_2_receipt_00360_1": 0.0, "4_CHOCOLATE_receipt_00360_1": 0.0, "5_SOBORO_receipt_00360_1": 0.16666666666666666, "6_16,000_receipt_00360_1": 0.0, "7_1_receipt_00360_1": 1.0, "8_REAL_receipt_00360_1": 0.0, "9_CHOCOLATE_receipt_00360_1": 0.0, "10_ROLL_receipt_00360_1": 0.0, "0_3_receipt_00488_0": 1.0, "1_21,000_receipt_00488_0": 0.0, "2_63,000_receipt_00488_0": 0.3333333333333333, "3_T._receipt_00488_0": 1.0, "4_CREAM_receipt_00488_0": 0.0, "5_M_receipt_00488_0": 1.0, "6_21_receipt_00488_0": 1.0, "0_50,000_receipt_00403_1": 0.0, "1_CASH_receipt_00403_1": 0.0, "0_QTE_413_0": 0.3333333333333333, "1_DESCRIPTION_413_0": 0.0, "2_MONTANT_413_0": 0.0, "3_:_413_0": 1.0, "4_Tel_413_0": 0.0, "5_17000_413_0": 0.0, "6_LA_413_0": 0.0, "7_ROCHELLE_413_0": 0.0, "8_33_413_0": 0.0, "9_RUE_413_0": 0.0, "10_DE_413_0": 0.0, "11_LA_413_0": 0.5, "12_SCIERIE_413_0": 0.0, "13_ROCHELLE_413_0": 0.0, "14_CRF-CITY_413_0": 0.0, "15_LA_413_0": 0.0, "0_Change:_receipt_00534_1": 0.42857142857142855, "1_3.500.00_receipt_00534_1": 1.0, "2_Tendered:_receipt_00534_1": 0.3333333333333333, "3_40.000.00_receipt_00534_1": 0.8888888888888888, "4_Cash_receipt_00534_1": 0.0, "5_Total._receipt_00534_1": 0.0, "6_36.500,00_receipt_00534_1": 0.3333333333333333, "7_Total_receipt_00534_1": 0.4, "8_Item:_receipt_00534_1": 1.0, "9_3_receipt_00534_1": 1.0, "10_22.000,00_receipt_00534_1": 0.1111111111111111, "11_x1_receipt_00534_1": 1.0, "12_22.000,00_receipt_00534_1": 0.5555555555555556, "13_4032-Mini_receipt_00534_1": 0.6666666666666666, "14_Glazed_receipt_00534_1": 0.0, "15_Croissant_receipt_00534_1": 0.2222222222222222, "16_(isi 5 pcs)_receipt_00534_1": 0.7272727272727273, "17_0,00_receipt_00534_1": 0.75, "18_x1_receipt_00534_1": 1.0, "19_0.00_receipt_00534_1": 1.0, "20_1245-Plastik_receipt_00534_1": 0.16666666666666666, "21_Tentengan_receipt_00534_1": 0.3333333333333333, "22_Kecil_receipt_00534_1": 0.2, "23_14.500,00_receipt_00534_1": 0.1111111111111111, "24_x1_receipt_00534_1": 1.0, "25_14.500,00_receipt_00534_1": 0.8888888888888888, "26_3190-Disney_receipt_00534_1": 0.18181818181818182, "27_Taartjes_receipt_00534_1": 0.25, "28_Siram_receipt_00534_1": 0.4, "29_Coklat_receipt_00534_1": 0.6666666666666666, "0_ _receipt_00657_0": 4.0, "0_CHANGE_receipt_00497_1": 0.16666666666666666, "1_DUE_receipt_00497_1": 0.3333333333333333, "2_35,000_receipt_00497_1": 0.0, "3_CASHIDR_receipt_00497_1": 0.2857142857142857, "4_52,000_receipt_00497_1": 0.0, "5_GRAND TOTAL_receipt_00497_1": 0.18181818181818182, "6_17,000_receipt_00497_1": 0.16666666666666666, "0_25/12/2018_X00016469612_0": 0.0, "1_Date:_X00016469612_0": 0.2, "2_8:13:39_X00016469612_0": 0.14285714285714285, "3_PM_X00016469612_0": 0.5, "4_Document_X00016469612_0": 0.0, "5_No_X00016469612_0": 0.5, "6_TD01167104_X00016469612_0": 0.1, "7_JOHOR._X00016469612_0": 0.16666666666666666, "8_BAHRU,_X00016469612_0": 0.0, "9_81100_X00016469612_0": 0.0, "10_JOHOR_X00016469612_0": 0.0, "11_TAMAN_X00016469612_0": 0.2, "12_DAYA,_X00016469612_0": 0.2, "13_NO.5_X00016469612_0": 0.5, "14_55,57_X00016469612_0": 0.2, "15_59,_X00016469612_0": 0.3333333333333333, "16_18,_X00016469612_0": 0.3333333333333333, "17_&_X00016469612_0": 0.0, "18_JALAN_X00016469612_0": 0.0, "19_SAGU_X00016469612_0": 0.5, "20_789417-W_X00016469612_0": 0.25, "21_BOOK_X00016469612_0": 0.0, "22_(TAMAN_X00016469612_0": 0.0, "23_DAYA)_X00016469612_0": 0.0, "24_TA_X00016469612_0": 0.0, "25_K_X00016469612_0": 0.0, "26_SDN_X00016469612_0": 0.0, "27_BHD_X00016469612_0": 0.3333333333333333, "28_yann_X00016469612_0": 0.0, "29_woon_X00016469612_0": 0.0, "30_tan_X00016469612_0": 0.0, "0_DESCRIPTION_81_0": 0.18181818181818182, "1_QTE_81_0": 1.0, "2_MONTANT_81_0": 0.42857142857142855, "3_:_81_0": 1.0, "4_Tel_81_0": 0.0, "5_17000_81_0": 0.0, "6_LA_81_0": 0.5, "7_ROCHELLE_81_0": 0.0, "8_33_81_0": 0.0, "9_RUE_81_0": 0.0, "10_DE_81_0": 0.0, "11_LA_81_0": 0.5, "12_SCIERIE_81_0": 0.0, "13_CRF-CITY_81_0": 0.125, "14_LA_81_0": 0.5, "15_ROCHELLE_81_0": 0.0, "0_Si_120_1": 0.0, "1_vous_120_1": 0.0, "2_la_120_1": 0.0, "3_fidelite,_120_1": 0.0, "4_aviez_120_1": 0.0, "5_carte_120_1": 0.0, "6_EUR_120_1": 0.0, "7_12.39\u20ac_120_1": 0.3333333333333333, "8_BANCAIRE_120_1": 0.0, "9_EMV_120_1": 0.0, "10_CARTE_120_1": 0.0, "11_6_120_1": 0.0, "12_(S)_120_1": 0.6666666666666666, "13_12.39\u20ac_120_1": 0.3333333333333333, "14_TOTAL_120_1": 0.0, "15_A_120_1": 0.0, "16_PAYER_120_1": 0.0, "17_ARTICLE_120_1": 0.0, "18_3.29\u20ac_120_1": 0.6, "19_QUINOA_120_1": 0.0, "20_BIO_120_1": 0.0, "21_HUESLI_120_1": 0.16666666666666666, "22_1.62\u20ac_120_1": 0.4, "23_RAPE_120_1": 0.0, "24_CRF_120_1": 0.3333333333333333, "25_EMMENTAL_120_1": 0.25, "26_1.64\u20ac_120_1": 0.4, "27_DEJ.CRF_120_1": 0.0, "28_BISC.PT_120_1": 0.0, "29_3.91\u20ac_120_1": 0.4, "30_BIL.NAT.P_120_1": 0.1111111111111111, "31_DEO_120_1": 0.3333333333333333, "32_50ML_120_1": 0.25, "33_0.93\u20ac_120_1": 0.4, "34_ECREME_120_1": 0.16666666666666666, "35_1L_120_1": 1.0, "36_LAIT_120_1": 0.25, "37_1.00\u20ac_120_1": 0.4, "38_BAGUETTE_120_1": 0.25, "39_CRF_120_1": 0.0, "40_250_120_1": 0.0, "41_GR_120_1": 0.5, "42_MONTANT_120_1": 0.14285714285714285, "43_QTE_120_1": 1.0, "44_DESCRIPTION_120_1": 0.0, "0_ _receipt_00329_0": 5.0, "0_SURGELES_722_2": 0.0, "1_>>>>_722_2": 1.0, "2_HACHE_722_2": 0.0, "3_THON_722_2": 0.25, "4_PROVENCALE_722_2": 0.5, "5_U_722_2": 1.0, "6_200G_722_2": 0.25, "7_2,95_722_2": 0.25, "8_\u20ac_722_2": 0.0, "9_>>>>_722_2": 1.0, "10_HECTAR_722_2": 0.16666666666666666, "11_1,5L_722_2": 0.5, "12_1,78_722_2": 0.25, "13_\u20ac_722_2": 0.0, "14_LIQUIDES_722_2": 0.125, "15_>>>>_722_2": 1.0, "16_GATEAU_722_2": 0.0, "17_90G_722_2": 0.3333333333333333, "18_1,65_722_2": 0.25, "19_\u20ac_722_2": 0.0, "20_BETTERAVES_722_2": 0.6, "21_ROUGES_722_2": 0.0, "22_U_722_2": 1.0, "23_BIO_722_2": 0.3333333333333333, "24_200G_722_2": 0.75, "25_1,69_722_2": 0.5, "26_\u20ac_722_2": 0.0, "27_MOZZA.TOMA.280G_722_2": 0.9333333333333333, "28_GNOCCHI_722_2": 0.0, "29_POELER_722_2": 0.0, "30_2,40_722_2": 0.25, "31_\u20ac_722_2": 1.0, "32_PUREE_722_2": 0.0, "33_BRO_722_2": 0.0, "34_SAUMN_722_2": 0.2, "35_300G_722_2": 0.25, "36_3,48_722_2": 0.25, "37_\u20ac_722_2": 1.0, "38_SAV.X6_722_2": 0.3333333333333333, "39_ALIJOT_722_2": 0.8333333333333334, "40_L'AUBRAC U_722_2": 0.6, "41_5,39_722_2": 0.25, "42_500G_722_2": 0.25, "43_\u20ac_722_2": 1.0, "44_>>>>_722_2": 1.0, "45_L_722_2": 2.0, "46_10CL_722_2": 1.0, "47_CREME_722_2": 0.2, "48_FRAICHE_722_2": 0.14285714285714285, "49_0,62_722_2": 0.5, "50_\u20ac_722_2": 0.0, "51_TIRANISU_722_2": 0.25, "52_SPECULOOS_722_2": 0.1111111111111111, "53_USAV.2X100G_722_2": 0.9090909090909091, "54_2,05_722_2": 0.5, "55_\u20ac_722_2": 1.0, "56_CHEVRE_722_2": 0.16666666666666666, "57_HN_722_2": 0.5, "58_FRAIS_722_2": 0.2, "59_15%_722_2": 0.3333333333333333, "60_COUP.6X20G_722_2": 1.0, "61_2,10_722_2": 0.25, "62_\u20ac_722_2": 0.0, "63_33,9%_722_2": 0.2, "64_2,38_722_2": 0.25, "65_RAPE_722_2": 0.0, "66_CHEVRE_722_2": 0.16666666666666666, "67_NAT.LP_722_2": 0.3333333333333333, "68_150G_722_2": 0.25, "69_\u20ac_722_2": 1.0, "0_52.000_receipt_00046_1": 0.16666666666666666, "1_KEMBALI_receipt_00046_1": 0.42857142857142855, "2_TUNAI_receipt_00046_1": 0.6, "3_100.000_receipt_00046_1": 0.14285714285714285, "4_GRAND_receipt_00046_1": 0.4, "5_TOTAL_receipt_00046_1": 0.2, "6_48.000_receipt_00046_1": 0.16666666666666666, "7_TAX_receipt_00046_1": 1.0, "8_10.00_receipt_00046_1": 0.2, "9_%_receipt_00046_1": 1.0, "10_4.364_receipt_00046_1": 0.6, "11_TOTAL_receipt_00046_1": 0.2, "12_43.636_receipt_00046_1": 1.0, "13_BASO_receipt_00046_1": 1.0, "14_TAHU_receipt_00046_1": 1.0, "15_BIHUN_receipt_00046_1": 0.8, "16_1_receipt_00046_1": 2.0, "17_43.636_receipt_00046_1": 0.16666666666666666, "18_43.636_receipt_00046_1": 0.3333333333333333, "0_Kembalian_receipt_00259_1": 0.1111111111111111, "1_0_receipt_00259_1": 0.0, "2_Tunai_receipt_00259_1": 0.2, "3_15000_receipt_00259_1": 0.0, "0_0_receipt_00053_0": 1.0, "1_1_receipt_00053_0": 0.0, "2_0_receipt_00053_0": 1.0, "3_370/M_receipt_00053_0": 1.0, "4_SHOPPING_receipt_00053_0": 0.0, "5_BAG_receipt_00053_0": 0.0, "6_ROTI'O'_receipt_00053_0": 0.42857142857142855, "7_36.000_receipt_00053_0": 1.0, "8_12.000_receipt_00053_0": 0.16666666666666666, "9_3_receipt_00053_0": 1.0, "0_BIENTOT_295_2": 0.0, "1_VISITE_295_2": 0.0, "2_DE_295_2": 0.0, "3_VOTRE_295_2": 0.0, "4_MERCI_295_2": 0.0, "0_ _receipt_00314_0": 3.0, "0_(GST_X51005230616_0": 0.0, "1_ID_X51005230616_0": 0.5, "2_No:_X51005230616_0": 0.0, "3_Selangor_X51005230616_0": 0.0, "4_Petaling_X51005230616_0": 0.0, "5_Jaya_X51005230616_0": 0.0, "6_No.3,_X51005230616_0": 0.0, "7_Jalan_X51005230616_0": 0.0, "8_Uptown3_X51005230616_0": 0.0, "9_Bangunan_X51005230616_0": 0.0, "10_TH,_X51005230616_0": 0.0, "11_6,_X51005230616_0": 0.0, "12_Damansara_X51005230616_0": 0.0, "13_Level_X51005230616_0": 0.0, "14_of_X51005230616_0": 0.0, "15_McDonald's_X51005230616_0": 0.0, "16_Licensee_X51005230616_0": 0.0, "17_Restaurants_X51005230616_0": 0.0, "18_Sdn_X51005230616_0": 0.0, "19_Bhd_X51005230616_0": 0.0, "20_Golden_X51005230616_0": 0.0, "21_Arches_X51005230616_0": 0.0, "22_formerly_X51005230616_0": 0.0, "23_known_X51005230616_0": 0.0, "24_as_X51005230616_0": 0.0, "25_(65351-M)_X51005230616_0": 0.0, "26_Gerbang_X51005230616_0": 0.0, "27_Restaurants_X51005230616_0": 0.0, "28_Sdn_X51005230616_0": 0.0, "29_Bhd_X51005230616_0": 0.0, "30_Alaf_X51005230616_0": 0.0, "0_NOUS_759_2": 0.0, "1_VOUS_759_2": 1.0, "2_Mrdalites,_759_2": 0.3, "3_validite_759_2": 0.0, "4_a_759_2": 1.0, "5_l'accueil_759_2": 0.2222222222222222, "6_duree_759_2": 0.0, "7_de_759_2": 0.0, "8_votre_759_2": 0.0, "9_carte_759_2": 0.0, "10_E.LECLERC._759_2": 0.1, "11_presentation_759_2": 0.08333333333333333, "12_l'operation_759_2": 0.09090909090909091, "13_et_759_2": 0.0, "14_sur_759_2": 0.0, "15_de_759_2": 0.0, "16_participant_759_2": 0.0, "17_neigasins_759_2": 0.4444444444444444, "18_a_759_2": 1.0, "19_E.LECLERC_759_2": 0.2222222222222222, "20_vos_759_2": 0.6666666666666666, "21_prochains_759_2": 0.0, "22_achats_759_2": 0.16666666666666666, "23_dans_759_2": 0.25, "24_tous_759_2": 0.0, "25_les_759_2": 0.3333333333333333, "26_Ce_759_2": 0.5, "27_DISPONIBLE_759_2": 0.0, "28_est_759_2": 0.0, "29_a_759_2": 1.0, "30_valoir_759_2": 0.0, "31_sur_759_2": 0.0, "32_CUMUL_759_2": 0.4, "33_DISPON_759_2": 0.3333333333333333, "34_IBLE_759_2": 0.25, "35_20/01/17_759_2": 0.0, "36_AU_759_2": 0.0, "37_:_759_2": 1.0, "38_12.26_759_2": 0.0, "39_E_759_2": 0.0, "40_CUMUL_759_2": 0.4, "41_E.Lecierc_759_2": 0.4444444444444444, "42_la_759_2": 0.5, "43_carte_759_2": 0.2, "44_Avec_759_2": 0.25, "0_19.000_receipt_00383_1": 1.0, "1_Total_receipt_00383_1": 0.4, "2_18.000_receipt_00383_1": 0.16666666666666666, "3_Subtotal_receipt_00383_1": 0.125, "4_18.000_receipt_00383_1": 0.0, "0_80,000_receipt_00236_1": 0.16666666666666666, "1_Change_receipt_00236_1": 0.16666666666666666, "2_102,000_receipt_00236_1": 0.14285714285714285, "3_CASH_receipt_00236_1": 0.25, "4_TOTAL_receipt_00236_1": 0.0, "5_2,000_receipt_00236_1": 0.0, "6_Tax_receipt_00236_1": 0.0, "7_20,000_receipt_00236_1": 0.16666666666666666, "8_QT_receipt_00236_1": 0.0, "9_2_receipt_00236_1": 2.0, "10_20,000_receipt_00236_1": 0.16666666666666666, "11_2_receipt_00236_1": 0.0, "12_YELLOW_receipt_00236_1": 0.0, "0_Bun_receipt_00354_0": 0.3333333333333333, "0_8.00\u20ac_372_1": 0.4, "1_CONTACT_372_1": 0.0, "2_SANS_372_1": 0.0, "3_EUR_372_1": 0.0, "4_EMV_372_1": 0.0, "5_CB_372_1": 1.0, "6_8.00\u20ac_372_1": 0.6, "7_PAYER_372_1": 0.0, "8_ARTICLE_372_1": 0.0, "9_(S)_372_1": 1.0, "10_TOTAL_372_1": 0.0, "11_A_372_1": 1.0, "12_5_372_1": 0.0, "13_2.95\u20ac/kg_372_1": 0.25, "14_0.535kg_372_1": 0.0, "15_x_372_1": 2.0, "16_1.58\u20ac_372_1": 0.4, "17_CHANTECLERC_372_1": 0.09090909090909091, "18_*POMME_372_1": 0.3333333333333333, "19_2.50\u20ac/kg_372_1": 0.125, "20_0.315kg_372_1": 0.0, "21_x_372_1": 1.0, "22_0.79\u20ac_372_1": 0.4, "23_*ORANGE_372_1": 0.14285714285714285, "24_1.60\u20ac_372_1": 0.4, "25_*CAROTTE_372_1": 0.0, "26_RAPE_372_1": 0.0, "27_BIO_372_1": 0.0, "28_1.95\u20ac/kg_372_1": 0.375, "29_0.150kg_372_1": 0.0, "30_x_372_1": 1.0, "31_0.29\u20ac_372_1": 0.4, "32_*BANANE_372_1": 0.0, "33_3.74\u20ac_372_1": 0.4, "34_*320G_372_1": 0.4, "35_SAL.MONTMARTR_372_1": 0.23076923076923078, "36_MONTANT_372_1": 0.5714285714285714, "37_QTE_372_1": 1.0, "38_DESCRIPTION_372_1": 0.0, "0_ _receipt_00265_0": 1.0, "0_QTE_456_0": 0.6666666666666666, "1_DESCRIPTION_456_0": 0.2727272727272727, "2_MONTANT_456_0": 0.42857142857142855, "3_:_456_0": 1.0, "4_Tel_456_0": 0.0, "5_17000_456_0": 0.0, "6_LA_456_0": 1.0, "7_ROCHELLE_456_0": 0.0, "8_33_456_0": 0.0, "9_DE_456_0": 0.0, "10_RUE_456_0": 0.0, "11_LA_456_0": 0.5, "12_SCIERIE_456_0": 0.0, "13_LA_456_0": 0.5, "14_ROCHELLE_456_0": 0.0, "15_CRF-CITY_456_0": 0.0, "0_VERTBAUDET_723_3": 0.1, "1_S.A.S._723_3": 0.5, "2_20,00%_723_3": 0.0, "3_8,25_723_3": 0.25, "4_T.V.A_723_3": 0.0, "5_41,23_723_3": 0.0, "6_MONTANT_723_3": 0.0, "7_:_723_3": 1.0, "8_H.T_723_3": 0.3333333333333333, "9_VISITE_723_3": 0.0, "10_MERCI_723_3": 0.2, "11_DE_723_3": 0.0, "12_VOTRE_723_3": 0.0, "13_VENDEUR_723_3": 0.0, "14_EM_723_3": 0.0, "15_CLIENT_723_3": 0.0, "16_N_723_3": 0.0, "17_:_723_3": 1.0, "18_5046206110_723_3": 0.0, "19_16/10/2017_723_3": 0.0, "20_jusqu'au_723_3": 0.125, "21_Membre_723_3": 0.0, "22_22,50_723_3": 0.0, "23_Economie_723_3": 0.0, "24_realisee_723_3": 0.0, "25_:_723_3": 1.0, "0_PERIGNY_771_0": 0.0, "1_17180_771_0": 0.0, "2_PERE_771_0": 0.0, "3_RUE_771_0": 0.0, "4_DU_771_0": 1.0, "5_56_771_0": 0.5, "0_Change_X51005230621_2": 0.0, "1_Due:_X51005230621_2": 0.0, "2_0.00_X51005230621_2": 0.0, "3_Payment:_X51005230621_2": 0.125, "4_7.30_X51005230621_2": 0.0, "5_Adjustment:_X51005230621_2": 0.09090909090909091, "6_lounding_X51005230621_2": 0.0, "7_0.00_X51005230621_2": 0.0, "8_7.30_X51005230621_2": 0.25, "9_Inclusive_X51005230621_2": 0.0, "10_of_X51005230621_2": 1.0, "11_GST:_X51005230621_2": 0.0, "12_Total_X51005230621_2": 0.0, "13_Sales_X51005230621_2": 0.0, "14_6.69_X51005230621_2": 0.0, "15_GST:_X51005230621_2": 0.75, "16_Subtotal_X51005230621_2": 0.0, "17_7.30_X51005230621_2": 0.0, "18_:_X51005230621_2": 1.0, "19_1.000 PC_X51005230621_2": 0.125, "20_5.30_X51005230621_2": 0.25, "21_SR_X51005230621_2": 0.0, "22_5.000_X51005230621_2": 0.0, "23_6023#_X51005230621_2": 1.0, "24_GARDEN_X51005230621_2": 0.0, "25_PC_X51005230621_2": 0.0, "26_2.00_X51005230621_2": 0.25, "27_1.000_X51005230621_2": 0.0, "28_1.887_X51005230621_2": 0.2, "29_SR_X51005230621_2": 0.0, "0_MONTANT_217_0": 0.14285714285714285, "1_QTE_217_0": 0.6666666666666666, "2_DESCRIPTION_217_0": 0.0, "3_Gargot_217_0": 0.0, "4_Aytre._217_0": 0.3333333333333333, "5_17440_217_0": 0.0, "6_Nicolas_217_0": 0.0, "7_Rue_217_0": 0.0, "8_12h30_217_0": 0.0, "9_a_217_0": 1.0, "10_Dimanche_217_0": 0.0, "11_9h_217_0": 0.5, "12_20h00_217_0": 0.2, "13_Samedi_217_0": 0.0, "14_9h_217_0": 0.5, "15_a_217_0": 0.0, "16_de_217_0": 0.0, "17_Lundi_217_0": 0.0, "18_au_217_0": 0.0, "19_:_217_0": 1.0, "20_0546457320_217_0": 0.0, "21_Tel_217_0": 0.0, "22_AYTRE_217_0": 0.4, "23_market_217_0": 0.0, "24_Carrefour_217_0": 0.0, "0_DESCRIPTION_216_0": 0.0, "1_QTE_216_0": 1.0, "2_MONTANT_216_0": 0.42857142857142855, "3_Gargot_216_0": 0.0, "4_Aytre._216_0": 0.8333333333333334, "5_Rue_216_0": 0.6666666666666666, "6_Nicolas_216_0": 0.0, "7_17440_216_0": 0.0, "8_Dimanche_216_0": 0.0, "9_9h_216_0": 0.5, "10_a_216_0": 0.0, "11_12n30_216_0": 0.8, "12_Lundi_216_0": 0.0, "13_au_216_0": 0.0, "14_Samedi_216_0": 0.0, "15_de_216_0": 0.0, "16_9h_216_0": 0.5, "17_a_216_0": 0.0, "18_20h00_216_0": 0.0, "19_:_216_0": 1.0, "20_Tel_216_0": 0.0, "21_0546457320_216_0": 0.0, "22_Carrefour_216_0": 0.0, "23_market_216_0": 0.0, "24_AYTRE_216_0": 0.0, "0_CHCKN_receipt_00462_0": 0.6, "1_CHEESE_receipt_00462_0": 0.0, "2_26,000_receipt_00462_0": 0.5, "0_RM_X51005447839_2": 0.0, "1_65._X51005447839_2": 0.0, "2_20_X51005447839_2": 0.0, "3_TOTAL_X51005447839_2": 0.0, "4_Adjustment_X51005447839_2": 0.0, "5_ing_X51005447839_2": 0.0, "6_0.00_X51005447839_2": 0.0, "7_Round_X51005447839_2": 0.0, "8_RM_X51005447839_2": 0.0, "9_65._X51005447839_2": 0.3333333333333333, "10_Total_X51005447839_2": 0.0, "11_Sales_X51005447839_2": 0.0, "12_RM_X51005447839_2": 0.0, "13_20_X51005447839_2": 0.0, "14_0.00_X51005447839_2": 0.25, "15_Charge_X51005447839_2": 0.0, "16_Service_X51005447839_2": 0.0, "17_RM_X51005447839_2": 0.0, "0_MONTANT_223_0": 0.14285714285714285, "1_QTE_223_0": 1.0, "2_DESCRIPTION_223_0": 0.0, "3_Aytre._223_0": 0.16666666666666666, "4_Gargot_223_0": 0.0, "5_17440_223_0": 0.0, "6_Nicolas_223_0": 0.0, "7_Rue_223_0": 0.0, "8_12h30_223_0": 0.0, "9_9h_223_0": 0.5, "10_a_223_0": 1.0, "11_Dimanche_223_0": 0.0, "12_20h00_223_0": 0.0, "13_Samedi_223_0": 0.8333333333333334, "14_de_223_0": 0.0, "15_9h_223_0": 1.0, "16_a_223_0": 1.0, "17_Lundi_223_0": 0.2, "18_au_223_0": 0.0, "19_:_223_0": 1.0, "20_0546457320_223_0": 0.0, "21_Tel_223_0": 0.0, "22_AYTRE_223_0": 0.0, "23_market_223_0": 0.0, "24_Carrefour_223_0": 0.0, "0_Change:_receipt_00307_1": 0.14285714285714285, "1_38,500_receipt_00307_1": 0.0, "2_cash:_receipt_00307_1": 0.0, "3_50,000_receipt_00307_1": 0.0, "4_PB1:_receipt_00307_1": 0.5, "5_1,046_receipt_00307_1": 0.2, "6_SubTotal:_receipt_00307_1": 0.7777777777777778, "7_10,455_receipt_00307_1": 0.0, "8_1_receipt_00307_1": 0.0, "9_Choco_receipt_00307_1": 1.0, "10_Peanut_receipt_00307_1": 0.0, "11_10,455_receipt_00307_1": 0.16666666666666666, "0_ _receipt_00473_0": 2.0, "0_VOTRE_266_1": 0.0, "1_VISITE_266_1": 0.0, "2_MERCI_266_1": 0.0, "3_DE_266_1": 0.0, "4_08/06/2017_266_1": 0.0, "5_002_266_1": 0.0, "6_000088_266_1": 0.0, "7_08:47:29_266_1": 0.0, "8_0010_266_1": 0.0, "9_SANS_266_1": 0.0, "10_CONTACT_266_1": 0.0, "11_EUR_266_1": 0.0, "12_2.74\u20ac_266_1": 0.4, "13_CB_266_1": 0.5, "14_EMV_266_1": 0.3333333333333333, "15_2_266_1": 0.0, "16_ARTICLE_266_1": 0.0, "17_(S)_266_1": 0.6666666666666666, "18_TOTAL_266_1": 0.0, "19_A_266_1": 0.0, "20_PAYER_266_1": 0.0, "21_2.74e_266_1": 0.4, "22_TOKATE_266_1": 1.0, "23_1.80\u20ac_266_1": 0.4, "24_*B0_266_1": 1.0, "25_SERISE_266_1": 0.16666666666666666, "26_BIG_266_1": 0.6666666666666666, "27_3.90\u20ac/kg_266_1": 0.25, "28_0.240kg_266_1": 0.0, "29_x_266_1": 1.0, "30_*ABRICOT_266_1": 0.0, "31_GROS_266_1": 0.25, "32_0.94\u20ac_266_1": 1.0, "0_Rp_receipt_00026_1": 0.0, "1_34.000_receipt_00026_1": 0.0, "2_Change_receipt_00026_1": 0.0, "3_Rp_receipt_00026_1": 0.5, "4_50.500_receipt_00026_1": 0.0, "5_Cash_receipt_00026_1": 0.0, "6_Rp_receipt_00026_1": 0.0, "7_16.500_receipt_00026_1": 0.0, "8_Total_receipt_00026_1": 0.0, "9_Rp_receipt_00026_1": 0.5, "10_1.500_receipt_00026_1": 0.0, "11_(10.0%)_receipt_00026_1": 0.8571428571428571, "12_Tax_receipt_00026_1": 0.3333333333333333, "13_Rp_receipt_00026_1": 1.0, "14_15.000_receipt_00026_1": 0.0, "15_Subtotal_receipt_00026_1": 0.0, "0_QTE_261_0": 0.6666666666666666, "1_DESCRIPTION_261_0": 0.0, "2_MONTANT_261_0": 0.5714285714285714, "3_:_261_0": 1.0, "4_Tel_261_0": 0.0, "5_LA_261_0": 0.0, "6_ROCHELLE_261_0": 0.0, "7_17000_261_0": 0.0, "8_33_261_0": 0.0, "9_RUE_261_0": 0.0, "10_DE_261_0": 0.0, "11_LA_261_0": 0.0, "12_SCIERIE_261_0": 0.0, "13_ROCHELLE_261_0": 0.0, "14_CRF-CITY_261_0": 0.0, "15_LA_261_0": 0.0, "0_ _receipt_00328_0": 2.0, "0_0004_330_1": 0.25, "1_004_330_1": 0.0, "2_000112_330_1": 0.0, "3_21/06/2017_330_1": 0.0, "4_11:42:50_330_1": 0.0, "5_CB_330_1": 0.0, "6_EMV_330_1": 0.3333333333333333, "7_SANS_330_1": 0.0, "8_CONTACT_330_1": 0.0, "9_EUR_330_1": 0.0, "10_5.87\u20ac_330_1": 0.4, "11_3_330_1": 0.0, "12_ARTICLE_330_1": 0.0, "13_(S)_330_1": 0.6666666666666666, "14_TOTAL_330_1": 0.2, "15_A_330_1": 0.0, "16_PAYER_330_1": 0.0, "17_5.87\u20ac_330_1": 0.4, "18_*SALADE_330_1": 0.14285714285714285, "19_VENEZIA_330_1": 0.2857142857142857, "20_4.23\u20ac_330_1": 0.4, "21_0.170kg_330_1": 0.0, "22_x_330_1": 1.0, "23_2.90\u20ac/kg_330_1": 0.125, "24_*POHHE_330_1": 0.16666666666666666, "25_GOLDEN_330_1": 0.0, "26_GROSSE_330_1": 0.0, "27_0.49\u20ac_330_1": 0.4, "28_*BAGUETTE_330_1": 0.1111111111111111, "29_PERENE_330_1": 0.0, "30_CERE_330_1": 0.0, "31_1.15\u20ac_330_1": 0.4, "32_DESCRIPTION_330_1": 0.0, "33_QTE_330_1": 0.0, "34_MONTANT_330_1": 0.2857142857142857, "0_A_68_2": 0.0, "1_BIENTOT_68_2": 0.0, "2_MERCI_68_2": 0.0, "3_DE_68_2": 0.0, "4_VOTRE_68_2": 0.0, "5_VISITE_68_2": 0.0, "6_0007_68_2": 0.0, "7_004_68_2": 0.0, "8_000216_68_2": 0.0, "9_16/04/2016_68_2": 0.0, "10_16:13:18_68_2": 0.0, "11_CARTE_68_2": 0.0, "12_BANCAIRE_68_2": 0.0, "13_EMV_68_2": 0.0, "14_EUR_68_2": 0.0, "15_19_68_2": 1.5, "16_964.29\u20ac_68_2": 0.2857142857142857, "0_Biere_690_2": 0.0, "1_soumise_690_2": 0.0, "2_a_690_2": 0.0, "3_TVA_690_2": 0.0, "4_de_690_2": 0.0, "5_20%_690_2": 0.0, "6_le_690_2": 0.0, "7_RDV_690_2": 0.0, "8_sur_690_2": 0.0, "9_site_690_2": 0.0, "10_il compte_690_2": 0.0, "11_pour_690_2": 0.0, "12_!_690_2": 2.0, "13_nous_690_2": 0.0, "14_avis,_690_2": 0.0, "15_pour_690_2": 0.0, "16_donner_690_2": 0.0, "17_nous_690_2": 0.0, "18_votre_690_2": 0.0, "19_prochains_690_2": 0.0, "20_jours_690_2": 0.0, "21_les_690_2": 0.0, "22_dans_690_2": 0.0, "23_7_690_2": 0.0, "0_A_96_1": 0.0, "1_BIENTOT_96_1": 0.0, "2_MERCI_96_1": 0.0, "3_DE_96_1": 0.0, "4_VOTRE_96_1": 0.0, "5_VISITE_96_1": 0.0, "6_0001_96_1": 0.0, "7_000546_96_1": 0.0, "8_24/01/2017_96_1": 0.0, "9_19:15:49_96_1": 0.25, "10_004_96_1": 0.0, "11_SANS_96_1": 0.0, "12_CONTACT_96_1": 0.0, "13_EUR_96_1": 0.0, "14_2.52\u20ac_96_1": 0.4, "15_CB_96_1": 0.0, "16_EMV_96_1": 0.0, "17_2.52\u20ac_96_1": 0.4, "18_(S)_96_1": 1.0, "19_2_96_1": 0.0, "20_ARTICLE_96_1": 0.0, "21_TOTAL_96_1": 0.0, "22_A_96_1": 0.0, "23_PAYER_96_1": 0.0, "24_1.25L_96_1": 0.2, "25_0.57\u20ac_96_1": 0.4, "26_*PET_96_1": 0.25, "27_EAU_96_1": 0.0, "28_GAZ_96_1": 0.3333333333333333, "29_1.95\u20ac_96_1": 0.4, "0_22.000_receipt_00145_1": 0.16666666666666666, "1_DUE_receipt_00145_1": 0.0, "2_CHANGE_receipt_00145_1": 0.16666666666666666, "3_50.000_receipt_00145_1": 0.16666666666666666, "4_CASHIDR_receipt_00145_1": 0.2857142857142857, "5_28.000_receipt_00145_1": 0.16666666666666666, "0_BIENTOT_324_1": 0.0, "1_VISITE_324_1": 0.0, "2_MERCI_324_1": 0.2, "3_DE_324_1": 0.0, "4_VOTRE_324_1": 0.0, "5_20/06/2017_324_1": 0.0, "6_0009_324_1": 0.25, "7_002_324_1": 0.0, "8_000108_324_1": 0.0, "9_11:51:02_324_1": 0.0, "10_CB_324_1": 0.0, "11_EUR_324_1": 0.0, "12_5.16\u20ac_324_1": 0.4, "13_ARTICLE(S)_324_1": 0.0, "14_2_324_1": 0.0, "15_TOTAL_324_1": 0.0, "16_A_324_1": 0.0, "17_PAYER_324_1": 0.0, "18_5.16\u20ac_324_1": 0.4, "19_*SALADE_324_1": 0.0, "20_VENEZIA_324_1": 0.0, "21_4.23\u20ac_324_1": 0.4, "22_*DESS._324_1": 0.16666666666666666, "23_POMHE_324_1": 0.2, "24_SS_324_1": 1.0, "25_CRF_324_1": 0.0, "26_0.93\u20ac_324_1": 0.4, "27_QTE_324_1": 1.0, "28_DESCRIPTION_324_1": 0.0, "29_NONTANT_324_1": 0.2857142857142857, "0_Vignette(s)_485_2": 0.0, "1_par_485_2": 0.0, "2_operation_485_2": 0.0, "3_Bravo_485_2": 0.0, "4_vous_485_2": 0.0, "5_avez_485_2": 0.0, "6_cumule_485_2": 0.0, "7_1.0_485_2": 0.0, "8_A_485_2": 0.0, "9_BIENTOT_485_2": 0.0, "0_NECTAR_682_2": 0.16666666666666666, "1_1,5L_682_2": 0.5, "2_1,78_682_2": 0.25, "3_\u20ac_682_2": 0.0, "4_LIQUIDES_682_2": 0.125, "5_>>>>_682_2": 0.5, "6_TARTE_682_2": 0.0, "7_2,30_682_2": 0.0, "8_\u20ac_682_2": 1.0, "9_>>>>_682_2": 0.0, "10_SURGELES_682_2": 0.0, "11_BAGUETTES_682_2": 0.0, "12_FENDUES_682_2": 0.0, "13_1,28_682_2": 0.25, "14_\u20ac_682_2": 0.0, "15_MADELEINET.CHOC_682_2": 0.2, "16_2,29_682_2": 1.0, "17_NOIR_682_2": 0.0, "18_\u20ac_682_2": 0.0, "19_PAT_682_2": 0.0, "20_>>>>_682_2": 1.0, "21_ASPERGES_682_2": 0.0, "22_VERTES_682_2": 0.0, "23_EN_682_2": 1.0, "24_BOCAL_682_2": 0.0, "25_1,79_682_2": 0.5, "26_\u20ac_682_2": 0.0, "27_SENS.FRT_682_2": 0.875, "28_CRAN/FRAMB.LINDT_682_2": 0.125, "29_15OG_682_2": 0.5, "30_3,79_682_2": 0.75, "31_\u20ac_682_2": 0.0, "32_EPICERIE_682_2": 0.0, "33_>>>>_682_2": 0.5, "34_FLT_682_2": 0.0, "35_MERLU_682_2": 0.2, "36_BLC_682_2": 0.6666666666666666, "37_MEUNIERE_682_2": 0.25, "38_U_682_2": 1.0, "39_220G_682_2": 1.0, "40_3,50_682_2": 0.25, "41_\u20ac_682_2": 0.0, "42_>>>>_682_2": 0.0, "43_FR.EP.15%_682_2": 0.0, "44_CREME_682_2": 0.0, "45_BRIDELICE_682_2": 0.1111111111111111, "46_10CL_682_2": 1.0, "47_0,51_682_2": 0.25, "48_\u20ac_682_2": 0.0, "49_LIEGEOIS_682_2": 0.25, "50_POM/ABRIC_682_2": 0.1111111111111111, "51_X4_682_2": 1.0, "52_1,80_682_2": 0.25, "53_\u20ac_682_2": 0.0, "54_CHAUD_682_2": 0.0, "55_CHEVRE_682_2": 0.16666666666666666, "56_X_682_2": 0.0, "57_4_682_2": 0.0, "58_1,89_682_2": 0.25, "59_\u20ac_682_2": 0.0, "0_12,750_receipt_00168_1": 0.6666666666666666, "1_cash:_receipt_00168_1": 0.2, "2_1,159_receipt_00168_1": 0.0, "3_PB1:_receipt_00168_1": 0.5, "4_-2,045_receipt_00168_1": 0.3333333333333333, "5_Discount:_receipt_00168_1": 0.0, "6_13,636_receipt_00168_1": 0.16666666666666666, "7_SubTotal:_receipt_00168_1": 0.0, "8_-2,045_receipt_00168_1": 0.16666666666666666, "9_Exclusive_receipt_00168_1": 0.0, "10_Member_receipt_00168_1": 0.3333333333333333, "11_Car_receipt_00168_1": 0.0, "12_13,636_receipt_00168_1": 0.0, "13_Choco_receipt_00168_1": 0.0, "14_Cheese_receipt_00168_1": 0.0, "15_1_receipt_00168_1": 0.0, "0_25,68_204_1": 0.2, "1_10_204_1": 0.0, "2_ARTICLES_204_1": 0.0, "3_TOTAL_204_1": 0.0, "4_A_204_1": 0.0, "5_PAYER_204_1": 0.0, "6_25,68_204_1": 0.2, "7_Alimentaire_204_1": 0.0, "8_Total_204_1": 0.0, "9_1,42_204_1": 0.25, "10_300G_204_1": 0.25, "11_BSICOTTE_204_1": 0.0, "12_BRIO_204_1": 0.0, "13_4_204_1": 1.0, "14_1,62_204_1": 0.5, "15_DESS._204_1": 0.0, "16_FRTS_204_1": 0.0, "17_POM/PEC/_204_1": 0.0, "18_4_204_1": 1.0, "19_1,82_204_1": 0.25, "20_MANGUE_204_1": 0.16666666666666666, "21_4X9_204_1": 1.0, "22_4_204_1": 1.0, "23_POM_204_1": 0.0, "24_0,67_204_1": 0.25, "25_4_204_1": 1.0, "26_FEUILLETEE_204_1": 0.0, "27_ROULEE_204_1": 0.0, "28_8X1256_204_1": 0.3333333333333333, "29_PANIER_204_1": 0.16666666666666666, "30_4_204_1": 1.0, "31_1,25_204_1": 0.25, "32_FROMAGE_204_1": 0.0, "33_BLANC_204_1": 0.0, "34_20%_204_1": 0.6666666666666666, "35_4_204_1": 1.0, "36_CITRON_204_1": 0.0, "37_JAUNE_204_1": 0.2, "38_500G_204_1": 0.25, "39_4_204_1": 1.0, "40_DE_204_1": 0.0, "41_SAUMON_204_1": 0.0, "42_FILET_204_1": 0.0, "43_4_204_1": 1.0, "44_1,90_204_1": 0.25, "45_500G_204_1": 0.25, "46_TR_204_1": 3.5, "47_4_204_1": 1.0, "48_PAVE_204_1": 0.0, "49_BIO_204_1": 1.0, "50_P_204_1": 2.0, "51_1,99_204_1": 0.5, "52_BQ_204_1": 0.0, "53_1KGP_204_1": 1.0, "54_4_204_1": 1.0, "55_NECTARINE_204_1": 0.1111111111111111, "0_0002_200_2": 0.0, "1_002_200_2": 0.0, "2_16:42:31_200_2": 0.0, "3_000166_200_2": 0.16666666666666666, "4_03/01/2017_200_2": 0.0, "5_produits_200_2": 0.0, "6_5%_200_2": 0.0, "7_Carrefou_200_2": 0.0, "8_0.27\u20ac_200_2": 0.4, "9_Details:_200_2": 0.0, "10_compte_200_2": 0.0, "11_votre_200_2": 0.0, "12_fidelite_200_2": 0.0, "13_Carrefour._200_2": 0.0, "14_0.27\u20ac_200_2": 0.4, "15_auriez_200_2": 0.0, "16_cumule_200_2": 0.0, "17_vous_200_2": 0.0, "18_sur_200_2": 0.0, "19_fidelite,_200_2": 0.0, "20_aviez_200_2": 0.0, "21_carte_200_2": 0.0, "22_Monnaie_200_2": 0.0, "23_-3.99\u20ac_200_2": 0.3333333333333333, "24_Votre_200_2": 0.0, "25_ESPECES_200_2": 0.0, "26_EUR_200_2": 0.0, "27_30.00\u20ac_200_2": 0.0, "28_26.01\u20ac_200_2": 0.3333333333333333, "29_ARTICLE_200_2": 0.0, "30_PAYER_200_2": 0.0, "31_(S)_200_2": 0.3333333333333333, "32_TOTAL_200_2": 0.0, "33_A_200_2": 1.0, "34_13_200_2": 0.0, "0_ _receipt_00206_0": 3.0, "0_17,000_receipt_00609_0": 0.16666666666666666, "1_17,000_receipt_00609_0": 0.16666666666666666, "2_1_receipt_00609_0": 2.0, "0_(1)_receipt_00472_0": 1.0, "1_DISKON_receipt_00472_0": 0.16666666666666666, "2_PLASTIK_receipt_00472_0": 0.2857142857142857, "3_SDG_receipt_00472_0": 1.3333333333333333, "4_1_receipt_00472_0": 1.0, "5_1_receipt_00472_0": 1.0, "6_1_receipt_00472_0": 1.0, "7_LE_receipt_00472_0": 1.0, "8_MINERALE_receipt_00472_0": 0.0, "9_3,100_receipt_00472_0": 0.6, "10_600ML_receipt_00472_0": 1.0, "11_3100_receipt_00472_0": 0.5, "12_1_receipt_00472_0": 1.0, "0_BIENTOT_11_1": 0.0, "1_MERCI_11_1": 0.0, "2_DE_11_1": 0.0, "3_VOTRE_11_1": 0.0, "4_VISITE_11_1": 0.0, "5_0004_11_1": 0.0, "6_004_11_1": 0.0, "7_000090_11_1": 0.16666666666666666, "8_09/02/2017_11_1": 0.0, "9_12:08:31_11_1": 0.125, "10_CB_11_1": 0.5, "11_EMV_11_1": 0.3333333333333333, "12_SANS_11_1": 0.0, "13_CONTACT_11_1": 0.0, "14_EUR_11_1": 0.0, "15_38.52\u20ac_11_1": 0.5, "16_2_11_1": 0.0, "17_ARTICLE_11_1": 0.0, "18_(S)_11_1": 0.6666666666666666, "19_TOTAL_11_1": 0.0, "20_PAYER_11_1": 0.0, "21_A_11_1": 0.0, "22_38.52\u20ac_11_1": 0.3333333333333333, "23_*VACHE_11_1": 0.5, "24_A_11_1": 2.0, "25_BOIRE_11_1": 0.0, "26_VANI_11_1": 0.5, "27_1.99\u20ac_11_1": 0.6, "28_*COUSCOUS_11_1": 0.0, "29_MAROCAINE_11_1": 0.1111111111111111, "30_36.53\u20ac_11_1": 0.3333333333333333, "0_Go-Pay_receipt_00617_1": 0.3333333333333333, "1_QR_receipt_00617_1": 1.0, "2_static_receipt_00617_1": 0.0, "3_78.000_receipt_00617_1": 0.3333333333333333, "4_TOTAL_receipt_00617_1": 0.6, "5_78.000_receipt_00617_1": 0.0, "6_Subtotal_receipt_00617_1": 0.625, "7_78.000_receipt_00617_1": 0.16666666666666666, "8_Bihun_receipt_00617_1": 0.6, "9_(MLY)_receipt_00617_1": 1.0, "10_1_receipt_00617_1": 1.0, "11_8.000_receipt_00617_1": 0.0, "12_11000_receipt_00617_1": 0.0, "13_22.000_receipt_00617_1": 0.3333333333333333, "14_Otak-otak_receipt_00617_1": 0.3333333333333333, "15_2_receipt_00617_1": 0.0, "16_Singapore_receipt_00617_1": 0.0, "17_12000_receipt_00617_1": 0.0, "18_24.000_receipt_00617_1": 0.16666666666666666, "19_Lapchiong_receipt_00617_1": 0.1111111111111111, "20_2_receipt_00617_1": 1.0, "21_1_receipt_00617_1": 1.0, "22_Caisim_receipt_00617_1": 0.16666666666666666, "23_Kecil_receipt_00617_1": 0.2, "24_7.000_receipt_00617_1": 0.0, "25_Kuping_receipt_00617_1": 0.0, "26_1_receipt_00617_1": 0.0, "27_Jamur_receipt_00617_1": 0.6, "28_8.000_receipt_00617_1": 0.0, "29_1_receipt_00617_1": 0.0, "30_Dumpling_receipt_00617_1": 1.0, "31_9.000_receipt_00617_1": 0.0, "0_ _receipt_00533_0": 3.0, "0_1,096,040_receipt_00475_1": 0.1111111111111111, "1_DU_receipt_00475_1": 1.5, "2_99,640_receipt_00475_1": 1.0, "3_Tax_receipt_00475_1": 0.6666666666666666, "4_10%_receipt_00475_1": 0.0, "5_CHARGE_receipt_00475_1": 0.16666666666666666, "6_SERVICE_receipt_00475_1": 0.0, "7_56,400_receipt_00475_1": 0.16666666666666666, "8_SUBTOTAL_receipt_00475_1": 0.625, "9_940,000_receipt_00475_1": 0.2857142857142857, "10_60,000_receipt_00475_1": 0.0, "11_OTHERS_receipt_00475_1": 0.16666666666666666, "12_BEVERAGES_receipt_00475_1": 0.1111111111111111, "13_83,000_receipt_00475_1": 0.16666666666666666, "14_FOOD_receipt_00475_1": 1.0, "15_797,000_receipt_00475_1": 0.14285714285714285, "16_1_receipt_00475_1": 1.0, "17_TEA_receipt_00475_1": 1.0, "18_12,000_receipt_00475_1": 0.0, "19_ICED_receipt_00475_1": 1.0, "20_ICED_receipt_00475_1": 0.5, "21_24,000_receipt_00475_1": 0.16666666666666666, "22_12,000_receipt_00475_1": 0.0, "23_TEA_receipt_00475_1": 1.0, "24_2_receipt_00475_1": 2.0, "25_11,000_receipt_00475_1": 0.16666666666666666, "26_AQUA_receipt_00475_1": 1.0, "27_1_receipt_00475_1": 1.0, "28_HOT_receipt_00475_1": 0.3333333333333333, "29_TEA_receipt_00475_1": 0.6666666666666666, "30_36,000_receipt_00475_1": 0.16666666666666666, "31_12,000_receipt_00475_1": 0.0, "32_3_receipt_00475_1": 1.0, "33_10,000_receipt_00475_1": 1.0, "34_60,000_receipt_00475_1": 0.16666666666666666, "35_6_receipt_00475_1": 1.0, "36_NASI_receipt_00475_1": 1.0, "37_PUTIH_receipt_00475_1": 0.8, "38_=*MEDIUM*=_receipt_00475_1": 0.6, "0_A_152_1": 0.0, "1_BIENTOT_152_1": 0.0, "2_MERCI_152_1": 0.0, "3_DE_152_1": 0.0, "4_VOTRE_152_1": 0.0, "5_VISITE_152_1": 0.0, "6_000020_152_1": 0.0, "7_09/09/2016_152_1": 0.1, "8_11:58:59_152_1": 0.0, "9_0100_152_1": 0.0, "10_001_152_1": 1.0, "11_CARTE_152_1": 0.0, "12_BANCAIRE_152_1": 0.0, "13_EMV_152_1": 0.0, "14_EUR_152_1": 0.0, "15_5.16\u20ac_152_1": 0.4, "16_(S)_152_1": 0.3333333333333333, "17_2_152_1": 0.0, "18_ARTICLE_152_1": 0.0, "19_TOTAL_152_1": 0.0, "20_A_152_1": 0.0, "21_PAYER_152_1": 0.0, "22_5.16\u20ac_152_1": 0.4, "23_SALADE_152_1": 0.0, "24_SAUMON_152_1": 0.3333333333333333, "25_CRF_152_1": 0.0, "26_3.82\u20ac_152_1": 0.4, "27_1.34\u20ac_152_1": 0.4, "0_1_receipt_00604_0": 2.0, "1_Es_receipt_00604_0": 0.5, "2_Teh_receipt_00604_0": 0.0, "3_5.455_receipt_00604_0": 0.0, "4_Bihun_receipt_00604_0": 0.4, "5_Ayam_receipt_00604_0": 0.25, "6_1_receipt_00604_0": 2.0, "7_Jamur_receipt_00604_0": 0.2, "8_25.909_receipt_00604_0": 0.16666666666666666, "0_6.90_736_0": 0.0, "1_2.95_736_0": 0.0, "2_1_736_0": 0.0, "3_KIT_736_0": 0.0, "4_KAT_736_0": 0.0, "5_TRIPACK_736_0": 0.0, "6_135G_736_0": 0.25, "7_3.95_736_0": 0.0, "8_1_736_0": 0.0, "9_PETITS_736_0": 0.0, "10_COOKIES_736_0": 0.0, "11_BONNE_736_0": 0.0, "12_MAMA_736_0": 0.0, "13_N._736_0": 0.5, "14_SOPHIE_736_0": 0.0, "15_FR89379455231_736_0": 0.07692307692307693, "16_NANTERRE_736_0": 0.0, "17_379_736_0": 0.0, "18_455_736_0": 0.0, "19_231_736_0": 1.0, "20_TUA_736_0": 0.3333333333333333, "21_RCS_736_0": 0.3333333333333333, "22_Tel:_736_0": 0.0, "23_03_736_0": 0.0, "24_86_736_0": 0.5, "25_32_736_0": 0.0, "26_11_736_0": 1.0, "27_34_736_0": 1.0, "28_Dieu_736_0": 0.25, "29_89420_736_0": 0.2, "30_GUILLON_736_0": 0.14285714285714285, "31_A6_736_0": 1.0, "32_Aire_736_0": 0.25, "33_de_736_0": 0.0, "34_Maison_736_0": 0.0, "35_HRC_736_0": 0.0, "36_SAS_736_0": 0.0, "0_CARD_receipt_00567_2": 0.0, "1_100,100_receipt_00567_2": 0.0, "2_TOTAL_receipt_00567_2": 0.0, "3_100,100_receipt_00567_2": 0.0, "4_SUBTOTAL_receipt_00567_2": 0.0, "5_100,100_receipt_00567_2": 0.0, "6_TENTENG_receipt_00567_2": 0.14285714285714285, "7_PLASTIK_receipt_00567_2": 0.0, "8_0_receipt_00567_2": 2.0, "9_AMOUNT_receipt_00567_2": 0.16666666666666666, "10_-1,950_receipt_00567_2": 0.3333333333333333, "11_DISC_receipt_00567_2": 1.0, "12_ITEM_receipt_00567_2": 0.75, "13_-30.000%_receipt_00567_2": 0.125, "0_DENLIME_X51005230621_1": 0.7142857142857143, "1_PPD_X51005230621_1": 0.3333333333333333, "2_4MM_X51005230621_1": 1.3333333333333333, "3_Code_X51005230621_1": 0.0, "4_RM_X51005230621_1": 0.5, "5_Cashier#:_X51005230621_1": 0.1111111111111111, "6_Date_X51005230621_1": 0.0, "7_0/02/2018_X51005230621_1": 0.1111111111111111, "8_:_X51005230621_1": 1.0, "9_Involce_X51005230621_1": 0.14285714285714285, "10_No.:_X51005230621_1": 0.5, "11_HO003939_X51005230621_1": 0.125, "12_CASH_X51005230621_1": 0.25, "13_CUSTOMER_X51005230621_1": 1.0, "14_TAX_X51005230621_1": 1.0, "15_INVOICE_X51005230621_1": 0.0, "16_(GST_X51005230621_1": 1.0, "17_Reg_X51005230621_1": 0.0, "18_001610833920)_X51005230621_1": 0.07692307692307693, "19_No:_X51005230621_1": 0.0, "20_(Company_X51005230621_1": 0.0, "21_Reg_X51005230621_1": 0.3333333333333333, "22_284922-0)_X51005230621_1": 0.2222222222222222, "23_No:_X51005230621_1": 0.3333333333333333, "24_LINE)_X51005230621_1": 0.4, "25_TEL:_X51005230621_1": 0.5, "26_FAX_X51005230621_1": 0.0, "27_03-60752572_X51005230621_1": 0.2727272727272727, "28_KALI,_X51005230621_1": 0.0, "29_44300_X51005230621_1": 0.0, "30_BTG_X51005230621_1": 0.0, "31_SELANGOR_X51005230621_1": 0.0, "32_KG_X51005230621_1": 1.5, "33_BATU_X51005230621_1": 0.0, "34_30_X51005230621_1": 0.5, "35_YAM_X51005230621_1": 0.0, "36_LAMA_X51005230621_1": 0.0, "37_ULU_X51005230621_1": 1.0, "0_289000_receipt_00035_0": 0.0, "1_Sub_receipt_00035_0": 0.0, "2_Total_receipt_00035_0": 0.0, "3_289000_receipt_00035_0": 0.0, "4_289000_receipt_00035_0": 0.16666666666666666, "5_1_receipt_00035_0": 1.0, "0_ _receipt_00249_0": 2.0, "0_Change:_receipt_00102_1": 0.2857142857142857, "1_20,001_receipt_00102_1": 0.8333333333333334, "2_Cash:_receipt_00102_1": 0.8, "3_50,000_receipt_00102_1": 0.5, "4_2,727_receipt_00102_1": 0.4, "5_PB1:_receipt_00102_1": 1.0, "6_SubTotal:_receipt_00102_1": 0.5555555555555556, "7_27,272_receipt_00102_1": 0.3333333333333333, "8_1_receipt_00102_1": 1.0, "9_Nutella_receipt_00102_1": 0.5714285714285714, "10_Cheese_receipt_00102_1": 0.6666666666666666, "11_27,272_receipt_00102_1": 1.0, "0_UANG_receipt_00411_1": 0.0, "1_KEMBALI_receipt_00411_1": 0.14285714285714285, "2_25,000_receipt_00411_1": 0.16666666666666666, "3_CASH_receipt_00411_1": 0.0, "4_50,000_receipt_00411_1": 0.0, "5_POTONGAN_receipt_00411_1": 0.25, "6_0_receipt_00411_1": 0.0, "7_TOTAL_receipt_00411_1": 0.2, "8_BELANJA_receipt_00411_1": 0.0, "9_25,000_receipt_00411_1": 0.0, "10_25,000_receipt_00411_1": 0.0, "11_1_receipt_00411_1": 1.0, "12_25,000_receipt_00411_1": 0.16666666666666666, "13_DP._receipt_00411_1": 0.0, "14_19BC1054_receipt_00411_1": 0.375, "15_ORDER_receipt_00411_1": 0.0, "0_MONTANT_431_0": 0.14285714285714285, "1_QTE_431_0": 0.3333333333333333, "2_DESCRIPTION_431_0": 0.0, "3_Tel_431_0": 0.0, "4_LA_431_0": 0.0, "5_ROCHELLE_431_0": 0.0, "6_17000_431_0": 0.0, "7_SCIERIE_431_0": 0.14285714285714285, "8_LA_431_0": 0.0, "9_RUE_431_0": 0.0, "10_DE_431_0": 0.0, "11_33_431_0": 0.0, "12_ROCHELLE_431_0": 0.0, "13_CRF-CITY_431_0": 0.0, "14_LA_431_0": 0.0, "0_27/05/2017_666_4": 0.0, "1_10:49:10_666_4": 0.0, "2_bonus._666_4": 0.0, "3_augmenter_666_4": 0.0, "4_pour_666_4": 0.25, "5_votre_666_4": 0.0, "6_Continuez_666_4": 0.0, "7_a_666_4": 1.0, "8_venir_666_4": 0.0, "9_mois._666_4": 0.2, "10_la_666_4": 0.0, "11_fin_666_4": 0.0, "12_du_666_4": 0.0, "13_25%_666_4": 0.0, "14_a_666_4": 0.0, "15_de_666_4": 0.0, "16_bonus_666_4": 0.0, "17_ce_666_4": 0.0, "18_toucherez_666_4": 0.0, "19_votre_666_4": 0.0, "20_Vous_666_4": 0.0, "21_mois-ci._666_4": 0.125, "22_visites_666_4": 0.0, "23_effectue_666_4": 0.0, "24_vos_666_4": 0.0, "25_deja_666_4": 0.25, "26_4_666_4": 1.0, "27_avez_666_4": 0.0, "28_Vous_666_4": 0.0, "29_+25%-_666_4": 0.4, "30_BONUS_666_4": 0.2, "31_0,17_666_4": 0.25, "32_JOUR_666_4": 0.0, "33_AVANTAGES_666_4": 0.0, "34_DU_666_4": 1.0, "35_TOTAL_666_4": 0.8, "0_QTE_358_0": 0.6666666666666666, "1_MONTANT_358_0": 0.14285714285714285, "2_DESCRIPTION_358_0": 0.0, "3_Tel_358_0": 0.0, "4_ROCHELLE_358_0": 0.0, "5_LA_358_0": 0.0, "6_17000_358_0": 0.0, "7_SCIERIE_358_0": 0.0, "8_DE_358_0": 0.0, "9_LA_358_0": 0.5, "10_33_358_0": 0.0, "11_RUE_358_0": 0.0, "12_ROCHELLE_358_0": 0.0, "13_CRF-CITY_358_0": 0.0, "14_LA_358_0": 0.0, "0_GAGNEZ_609_2": 0.0, "1_DES_609_2": 0.0, "2_EUROS_609_2": 0.2, "3_CARTE_609_2": 0.0, "4_GRACE_609_2": 0.0, "5_A_609_2": 0.0, "6_U_609_2": 1.0, "7_TICKET_609_2": 0.0, "8_A_609_2": 1.0, "9_CONSERVER_609_2": 0.1111111111111111, "10_fidelite._609_2": 0.0, "11_de_609_2": 0.0, "12_Voir_609_2": 0.75, "13_conditions_609_2": 0.0, "14_l'accueil._609_2": 0.2, "15_a_609_2": 0.0, "16_magasins_609_2": 0.25, "17_dans_609_2": 0.0, "18_tous_609_2": 0.0, "19_les_609_2": 0.3333333333333333, "20_participant_609_2": 0.0, "21_programme_609_2": 0.5555555555555556, "22_U_609_2": 2.0, "23_au_609_2": 0.0, "24_presentation_609_2": 0.0, "25_lendenain,_609_2": 0.1, "26_sur_609_2": 0.0, "27_de_609_2": 0.5, "28_votre_609_2": 0.0, "29_Carte_609_2": 0.0, "30_U,_609_2": 1.0, "31_Les_609_2": 0.0, "32_Carte_609_2": 0.0, "33_obtenus_609_2": 0.0, "34_valoir_609_2": 0.0, "35_U_609_2": 2.0, "36_jQur,_609_2": 0.2, "37_ce_609_2": 1.0, "38_seront_609_2": 0.3333333333333333, "39_a_609_2": 1.0, "40_des_609_2": 0.0, "41_VOTRE_609_2": 0.0, "42_NOUVEAU_609_2": 0.0, "43_SOLDE_609_2": 0.0, "44_CARTE_609_2": 0.0, "45_W_609_2": 1.0, "46_4,89_609_2": 0.5, "47_CARTE_609_2": 0.0, "48_VOs_609_2": 1.0, "49_U_609_2": 1.0, "50_OBTENUS_609_2": 0.0, "51_0,10_609_2": 0.25, "52_VOTRE_609_2": 0.0, "53_SOLDE_609_2": 0.0, "54_CARTE_609_2": 0.0, "55_4,79_609_2": 0.25, "56_U_609_2": 1.0, "57_PRECEDENT:_609_2": 0.0, "58_MONTANT_609_2": 0.14285714285714285, "59_ACHATS_609_2": 0.0, "60_15,03_609_2": 0.4, "61_0,10_609_2": 0.25, "62_GRACE_609_2": 0.0, "63_VOTRE_609_2": 0.4, "64_AUANTAGE_609_2": 0.0, "65_A_609_2": 1.0, "66_VISITE_609_2": 0.0, "67_0,10_609_2": 0.25, "68_VOS_609_2": 1.0, "69_CARTE_609_2": 0.0, "70_ACHAT_609_2": 0.0, "71_U_609_2": 1.0, "0_MONTANT_270_0": 0.42857142857142855, "1_QTE_270_0": 1.0, "2_DESCRIPTION_270_0": 0.09090909090909091, "3_:_270_0": 1.0, "4_Tel_270_0": 0.0, "5_ROCHELLE_270_0": 0.0, "6_LA_270_0": 0.0, "7_17000_270_0": 0.0, "8_SCIERIE_270_0": 0.0, "9_RUE_270_0": 0.0, "10_DE_270_0": 0.0, "11_LA_270_0": 1.0, "12_33_270_0": 0.0, "13_ROCHELLE_270_0": 0.0, "14_CRF-CITY_270_0": 0.0, "15_LA_270_0": 0.0, "0_01J00_697_0": 0.0, "1_OKTZ_697_0": 0.25, "2_Ticket_697_0": 0.0, "3_07/01/17_697_0": 0.0, "4_0_697_0": 0.0, "5_janvier_697_0": 0.14285714285714285, "6_12:13_697_0": 0.0, "7_2017_697_0": 0.0, "8_020-0233_697_0": 0.0, "9_07_697_0": 0.5, "10_Caisse_697_0": 0.0, "11_de_697_0": 0.0, "12_h_697_0": 0.0, "13_20_697_0": 0.0, "14_h_697_0": 0.0, "15_09_697_0": 0.0, "16_au_697_0": 0.0, "17_Samedi_697_0": 0.0, "18_Lundi_697_0": 0.0, "19_Du_697_0": 0.0, "20_TEL:_697_0": 0.75, "21_CHECY_697_0": 0.0, "22_45430_697_0": 0.0, "23_KASTLER_697_0": 0.0, "24_ALFRED_697_0": 0.0, "25_RUE_697_0": 0.0, "26_DISTRI._697_0": 0.0, "27_CHECY_697_0": 0.0, "28_SAS_697_0": 0.6666666666666666, "0_Vignette(s)_506_2": 0.0, "1_par_506_2": 0.0, "2_operation_506_2": 0.0, "3_avez_506_2": 0.0, "4_cumule_506_2": 0.0, "5_1.0_506_2": 0.0, "6_Bravo_506_2": 0.2, "7_vous_506_2": 0.0, "8_remercie_506_2": 0.0, "9_de_506_2": 0.0, "10_votre_506_2": 0.0, "11_visite_506_2": 0.0, "12_Vous_506_2": 0.0, "13_CARREFOUR_506_2": 0.0, "14_MARKET_506_2": 0.0, "15_AYTRE_506_2": 0.0, "16_repris_506_2": 0.0, "17_echange_506_2": 0.0, "18_Solde_506_2": 0.0, "19_ni_506_2": 0.0, "20_ni_506_2": 0.0, "0_128,700_receipt_00274_1": 0.0, "1_:_receipt_00274_1": 1.0, "2_Total_receipt_00274_1": 0.2, "3_Grand_receipt_00274_1": 0.4, "4_11,700_receipt_00274_1": 0.16666666666666666, "5_Pajak_receipt_00274_1": 1.0, "6_Resto_receipt_00274_1": 0.0, "7_:_receipt_00274_1": 1.0, "8_117,000_receipt_00274_1": 0.0, "9_:_receipt_00274_1": 1.0, "10_Total_receipt_00274_1": 0.4, "11_Sub_receipt_00274_1": 0.0, "12_2_receipt_00274_1": 0.0, "13_:_receipt_00274_1": 1.0, "14_Jumlah_receipt_00274_1": 0.5, "15_Item_receipt_00274_1": 0.5, "16_62,000_receipt_00274_1": 0.0, "17_62,000_receipt_00274_1": 0.0, "18_X_receipt_00274_1": 1.0, "19_1_receipt_00274_1": 1.0, "20_(EMPAL)_receipt_00274_1": 0.7142857142857143, "21_NASI_receipt_00274_1": 0.5, "22_BALI_receipt_00274_1": 0.25, "23_55,000_receipt_00274_1": 0.0, "24_55,000_receipt_00274_1": 0.0, "25_X_receipt_00274_1": 3.0, "26_1_receipt_00274_1": 1.0, "27_NASI_receipt_00274_1": 0.5, "28_UDUK_receipt_00274_1": 1.0, "29_SATE_receipt_00274_1": 0.0, "30_BUNTEL_receipt_00274_1": 0.0, "0_ _receipt_00431_0": 3.0, "0_010859/07_644_1": 0.0, "1_12.06.17_644_1": 0.0, "2_15:17_644_1": 0.0, "3_3543_644_1": 0.0, "4_0,43_644_1": 0.0, "5_8,29_644_1": 0.25, "6_5,5%_644_1": 0.25, "7_TVA_644_1": 0.0, "8_de_644_1": 0.0, "9_A_644_1": 0.0, "10_-41,71_644_1": 0.0, "11_Rendu_644_1": 0.0, "12_Especes_644_1": 0.0, "13_50,00_644_1": 0.2, "0_BIENTOT_325_2": 0.0, "1_MERCI_325_2": 0.0, "2_DE_325_2": 0.0, "3_VOTRE_325_2": 0.0, "4_VISITE_325_2": 0.0, "0_55.000_receipt_00794_0": 0.0, "1_WEEKEND_receipt_00794_0": 0.0, "2_715.000_receipt_00794_0": 0.0, "3_13_receipt_00794_0": 1.0, "4_PAKET_receipt_00794_0": 0.0, "5_1_receipt_00794_0": 1.0, "0_PINTAR_X51005447840_2": 0.0, "1_SDN_X51005447840_2": 0.0, "2_BHD_X51005447840_2": 0.0, "3_BORONG_X51005447840_2": 0.0, "4_shopping_X51005447840_2": 0.0, "5_you_X51005447840_2": 0.0, "6_PASARAYA_X51005447840_2": 0.0, "7_Thank_X51005447840_2": 0.0, "8_for_X51005447840_2": 0.0, "9_at_X51005447840_2": 0.0, "10_returnable_X51005447840_2": 0.0, "11_*Goods_X51005447840_2": 0.16666666666666666, "12_not_X51005447840_2": 0.0, "13_sold_X51005447840_2": 0.0, "14_are_X51005447840_2": 0.0, "15_0.00_X51005447840_2": 0.0, "16_ZRL_X51005447840_2": 0.0, "17_0%_X51005447840_2": 0.0, "18_8.20_X51005447840_2": 0.25, "19_=_X51005447840_2": 0.0, "20_(RM)_X51005447840_2": 0.0, "21_(RM)_X51005447840_2": 0.0, "22_Summary_X51005447840_2": 0.0, "23_Amount_X51005447840_2": 0.0, "24_Tax_X51005447840_2": 0.0, "25_GST_X51005447840_2": 0.0, "26_Change_X51005447840_2": 0.0, "27_12.00_X51005447840_2": 0.0, "28_20.20_X51005447840_2": 0.0, "29_Cash_X51005447840_2": 0.0, "30_Payment_X51005447840_2": 0.14285714285714285, "31_Customer's_X51005447840_2": 0.0, "32_Includes_X51005447840_2": 0.0, "33_8.20_X51005447840_2": 0.0, "34_GST_X51005447840_2": 0.0, "35_0%_X51005447840_2": 0.0, "36_Total_X51005447840_2": 0.0, "37_Qty:_X51005447840_2": 0.25, "38_8.20_X51005447840_2": 0.25, "39_4.00_X51005447840_2": 0.0, "40_*Total_X51005447840_2": 0.16666666666666666, "0_56,000_receipt_00296_0": 0.0, "1_GRAND TOTAL_receipt_00296_0": 0.18181818181818182, "2_56,000_receipt_00296_0": 0.0, "3_SUB TOTAL_receipt_00296_0": 0.1111111111111111, "4_56,000_receipt_00296_0": 0.0, "5_28,000_receipt_00296_0": 0.0, "6_x_receipt_00296_0": 0.0, "7_2_receipt_00296_0": 0.0, "8_CHEESE_receipt_00296_0": 0.0, "9_ALMOND CREAM_receipt_00296_0": 0.0, "0_CG_receipt_00027_1": 1.0, "1_Rp 70,000_receipt_00027_1": 0.3333333333333333, "2_CASH_receipt_00027_1": 0.25, "3_100,000_receipt_00027_1": 0.14285714285714285, "4_TL_receipt_00027_1": 0.5, "5_BBQ_receipt_00027_1": 0.0, "0_BIENTOT_446_1": 0.0, "1_MERCI_446_1": 0.0, "2_DE_446_1": 0.0, "3_VOTRE_446_1": 0.0, "4_VISITE_446_1": 0.0, "5_0004_446_1": 0.0, "6_002_446_1": 0.0, "7_000243_446_1": 0.16666666666666666, "8_14/03/2017_446_1": 0.0, "9_13:01:47_446_1": 0.0, "10_CARTE_446_1": 0.0, "11_BANCAIRE_446_1": 0.0, "12_EMV_446_1": 0.0, "13_EUR_446_1": 0.0, "14_4.23\u20ac_446_1": 0.4, "15_ARTICLE_446_1": 0.0, "16_(S)_446_1": 0.6666666666666666, "17_TOTAL_446_1": 0.0, "18_A_446_1": 0.0, "19_PAYER_446_1": 0.0, "20_4.23\u20ac_446_1": 0.4, "21_*SALADE_446_1": 0.0, "22_VENEZIA_446_1": 0.2857142857142857, "23_4.23\u20ac_446_1": 0.4, "0_0004_199_1": 0.0, "1_000406_199_1": 0.0, "2_17/12/2016_199_1": 0.1, "3_17:27:23_199_1": 1.0, "4_002_199_1": 0.0, "5_CARTE_199_1": 0.0, "6_BANCAIRE_199_1": 0.0, "7_EMV_199_1": 0.3333333333333333, "8_EUR_199_1": 0.0, "9_15.84\u20ac_199_1": 0.3333333333333333, "10_ARTICLE(S)_199_1": 0.0, "11_TOTAL_199_1": 0.0, "12_A_199_1": 0.0, "13_PAYER_199_1": 0.0, "14_15.84\u20ac_199_1": 0.5, "15_6_199_1": 0.0, "16_PARISTEN_199_1": 0.125, "17_1.94e_199_1": 0.4, "18_*POELEE_199_1": 0.14285714285714285, "19_LA_199_1": 0.0, "20_3.69\u20ac_199_1": 0.4, "21_*COUNTRY_199_1": 0.125, "22_CRISP_199_1": 0.0, "23_CHOC_199_1": 0.0, "24_*COCOTTES_199_1": 0.0, "25_CHOCOLAT_199_1": 0.0, "26_1.79\u20ac_199_1": 0.4, "27_3.30\u20ac_199_1": 0.6, "28_*CLEHENTINE_199_1": 0.09090909090909091, "29_BIO_199_1": 0.6666666666666666, "30_FILET_199_1": 0.0, "31_3.67\u20ac_199_1": 0.4, "32_POELEE.LEG.GR_199_1": 0.15384615384615385, "33_*600G_199_1": 0.2, "34_*2256_199_1": 0.4, "35_KRISPROLL.S/S_199_1": 0.0, "36_1.456_199_1": 0.4, "0_ONION_681_0": 0.4, "1_RINGS_681_0": 0.0, "2_CHICKEN_681_0": 0.0, "3_BBQ_681_0": 0.6666666666666666, "4_*CRUNCHY_681_0": 0.125, "5_EMPORTER_681_0": 0.0, "6_944_681_0": 0.0, "7_110_681_0": 1.0, "8_00010_681_0": 0.0, "9_SIRET:_681_0": 0.0, "10_808_681_0": 0.0, "11_ROCHELLE_681_0": 0.0, "12_17000_681_0": 0.0, "13_LA_681_0": 1.0, "14_MINIMES_681_0": 0.42857142857142855, "15_BECQUEREL_681_0": 0.1111111111111111, "16_LES_681_0": 0.0, "17_AVENUE_681_0": 0.3333333333333333, "18_HENRI_681_0": 0.0, "19_#24111_681_0": 0.0, "20_BURGER_681_0": 0.0, "21_KING_681_0": 0.0, "0_31,363_receipt_00351_0": 0.3333333333333333, "1_Total_receipt_00351_0": 0.2, "2_Sub_receipt_00351_0": 0.3333333333333333, "3_8,636_receipt_00351_0": 0.8, "4_1_receipt_00351_0": 2.0, "5_Mocca_receipt_00351_0": 0.2, "6_Float_receipt_00351_0": 0.2, "7_22,727_receipt_00351_0": 0.3333333333333333, "8_Yakiniku_receipt_00351_0": 0.25, "9_Rice_receipt_00351_0": 0.75, "10_Organic_receipt_00351_0": 0.14285714285714285, "11_1_receipt_00351_0": 2.0, "0_0_receipt_00081_1": 0.0, "1_CASH_receipt_00081_1": 0.5, "2_35,000_receipt_00081_1": 0.6666666666666666, "0_NOUS_721_5": 0.0, "1_Modalites,_721_5": 0.2, "2_duree_721_5": 0.0, "3_de_721_5": 0.0, "4_validite_721_5": 0.0, "5_a_721_5": 1.0, "6_l'accueil_721_5": 0.3333333333333333, "7_votre_721_5": 0.0, "8_carte_721_5": 0.0, "9_E.LECLERC._721_5": 0.0, "10_presentation_721_5": 0.0, "11_l'operation_721_5": 0.09090909090909091, "12_et_721_5": 0.5, "13_sur_721_5": 0.0, "14_de_721_5": 0.0, "15_E.LECLERC_721_5": 0.0, "16_nagasins_721_5": 0.125, "17_participant_721_5": 0.0, "18_Vos_721_5": 0.3333333333333333, "19_prochains_721_5": 0.1111111111111111, "20_achats_721_5": 0.0, "21_tous_721_5": 0.0, "22_les_721_5": 0.3333333333333333, "23_dans_721_5": 0.0, "24_Ce_721_5": 0.0, "25_CUMUL_721_5": 0.0, "26_DISPONIBLE_721_5": 0.0, "27_est_721_5": 0.0, "28_a_721_5": 1.0, "29_valoir_721_5": 0.0, "30_sur_721_5": 0.0, "31_:_721_5": 2.0, "32_CUMUL_721_5": 0.0, "33_DISPONIBLE_721_5": 0.0, "34_AU_721_5": 0.5, "35_07/01/17_721_5": 0.0, "36_10.77_721_5": 0.2, "37_\u20ac_721_5": 0.0, "38_1.90_721_5": 0.25, "39_Vous_721_5": 0.0, "40_venez_721_5": 0.6, "41_d'obtenir_721_5": 0.0, "42_\u20ac_721_5": 0.0, "43_Marque_721_5": 0.5, "44_repere_721_5": 0.3333333333333333, "45_0.50_721_5": 0.0, "46_euros_721_5": 0.0, "47_PATE_721_5": 0.0, "48_BRISEE_721_5": 0.0, "49_MARIE.3X230G_721_5": 0.16666666666666666, "50_euros_721_5": 0.0, "51_1.20_721_5": 0.0, "0_20/04/2017_425_1": 1.0, "1_19:43:43_425_1": 0.0, "2_003_425_1": 0.3333333333333333, "3_000308_425_1": 0.0, "4_7.54\u20ac_425_1": 0.4, "5_CONTACT_425_1": 0.0, "6_EUR_425_1": 0.0, "7_CB_425_1": 0.5, "8_EMV_425_1": 1.0, "9_SANS_425_1": 0.0, "10_PAYER_425_1": 0.0, "11_7.54e_425_1": 0.2, "12_ATICLE(S)_425_1": 0.1111111111111111, "13_TOTAL_425_1": 0.0, "14_A_425_1": 1.0, "15_4_425_1": 0.0, "16_1.66\u20ac_425_1": 0.0, "17_E_425_1": 0.0, "18_CANARD_425_1": 0.0, "19_CRF_425_1": 0.3333333333333333, "20_*TERRI_425_1": 0.3333333333333333, "21_1.83\u20ac_425_1": 0.4, "22_REME_425_1": 1.0, "23_X_425_1": 2.0, "24_8_425_1": 0.0, "25_*KIRI_425_1": 1.0, "26_0.84e_425_1": 0.4, "27_TE_425_1": 0.0, "28_250G_425_1": 0.25, "29_*BAGUE_425_1": 0.3333333333333333, "30_3.21\u20ac_425_1": 0.4, "31_ORT_425_1": 0.3333333333333333, "32_*250G_425_1": 1.0, "33_RICOTTA_425_1": 0.0, "34_QTE_425_1": 0.3333333333333333, "35_MONTANT_425_1": 1.0, "36_DESCRIPTION_425_1": 0.09090909090909091, "0_67,000_receipt_00128_1": 0.0, "1_CHANGE DUE_receipt_00128_1": 0.0, "2_100,000_receipt_00128_1": 0.0, "3_CASH IDR_receipt_00128_1": 0.125, "4_33,000_receipt_00128_1": 0.0, "5_GRAND TOTAL_receipt_00128_1": 0.09090909090909091, "0_1_receipt_00705_0": 1.0, "1_12,000_receipt_00705_0": 0.16666666666666666, "2_12,000_receipt_00705_0": 0.16666666666666666, "0_Qty_receipt_00223_1": 0.3333333333333333, "1_1_receipt_00223_1": 0.0, "2_Total_receipt_00223_1": 0.0, "3_Item_receipt_00223_1": 0.0, "4_1_receipt_00223_1": 0.0, "5_Total_receipt_00223_1": 0.0, "6_29,500_receipt_00223_1": 0.0, "7_CASH_receipt_00223_1": 0.0, "8_29,500_receipt_00223_1": 0.0, "9_Total_receipt_00223_1": 0.0, "10_2,681_receipt_00223_1": 0.0, "11_Pb1_receipt_00223_1": 0.3333333333333333, "12_26,818_receipt_00223_1": 0.0, "13_Subtotal_receipt_00223_1": 0.0, "0_:_108_1": 2.0, "1_Carte_108_1": 0.0, "2_CB_108_1": 0.0, "3_19.43\u20ac_108_1": 0.3333333333333333, "4_EMV_108_1": 0.3333333333333333, "5_SANS_108_1": 0.0, "6_CONTACT_108_1": 0.0, "7_EUR_108_1": 0.0, "8_ARTICLE_108_1": 0.0, "9_19.43\u20ac_108_1": 0.3333333333333333, "10_(S)_108_1": 1.0, "11_4_108_1": 0.0, "12_TOTAL_108_1": 0.0, "13_A_108_1": 0.0, "14_PAYER_108_1": 0.0, "15_0.10\u20ac_108_1": 0.4, "16_PAPIER_108_1": 0.16666666666666666, "17_*SAC_108_1": 0.0, "18_CAISSE_108_1": 0.16666666666666666, "19_2.92\u20ac_108_1": 0.4, "20_*COOKIES_108_1": 0.125, "21_CHOCO_108_1": 0.0, "22_MAX_108_1": 0.6666666666666666, "23_*CLEMENTINE_108_1": 0.09090909090909091, "24_BQ_108_1": 0.5, "25_3.50\u20ac_108_1": 0.4, "26_FEUILL_108_1": 0.16666666666666666, "27_*8XDOS.SENSEO_108_1": 0.23076923076923078, "28_2_108_1": 0.0, "29_12.91\u20ac_108_1": 0.3333333333333333, "30_CAPP._108_1": 0.2, "31_MONTANT_108_1": 0.2857142857142857, "32_QTE_108_1": 0.3333333333333333, "33_DESCRIPTION_108_1": 0.0, "0_DESCRIPTION_78_0": 0.0, "1_QTE_78_0": 1.0, "2_MONTANT_78_0": 0.2857142857142857, "3_:_78_0": 1.0, "4_Tel_78_0": 0.0, "5_17000_78_0": 0.0, "6_LA_78_0": 0.0, "7_ROCHELLE_78_0": 0.0, "8_33_78_0": 0.0, "9_RUE_78_0": 0.0, "10_DE_78_0": 0.0, "11_LA_78_0": 0.0, "12_SCIERIE_78_0": 0.0, "13_CRF-CITY_78_0": 0.0, "14_LA_78_0": 0.0, "15_ROCHELLE_78_0": 0.0, "0_QTE_21_0": 0.3333333333333333, "1_DESCRIPTION_21_0": 0.0, "2_MONTANT_21_0": 0.14285714285714285, "3_Tel_21_0": 0.0, "4_17000_21_0": 0.0, "5_LA_21_0": 0.0, "6_ROCHELLE_21_0": 0.0, "7_33_21_0": 0.0, "8_RUE_21_0": 0.0, "9_DE_21_0": 0.0, "10_LA_21_0": 0.5, "11_SCIERIE_21_0": 0.14285714285714285, "12_CRF-CITY_21_0": 0.0, "13_ROCHELLE_21_0": 0.0, "14_LA_21_0": 0.0, "0_operation_234_2": 0.0, "1_Vignette(s)_234_2": 0.0, "2_par_234_2": 0.0, "3_cumule_234_2": 0.0, "4_1.0_234_2": 0.0, "5_vous_234_2": 0.0, "6_avez_234_2": 0.0, "7_Bravo_234_2": 0.2, "8_BIENTOT_234_2": 0.0, "9_A_234_2": 0.0, "10_visite_234_2": 0.0, "11_votre_234_2": 0.0, "12_remercie_234_2": 0.0, "13_de_234_2": 0.0, "14_Vous_234_2": 0.0, "15_MARKET_234_2": 0.0, "16_AYTRE_234_2": 0.0, "17_CARREFOUR_234_2": 0.0, "0_DESCRIPTION_390_0": 0.09090909090909091, "1_QTE_390_0": 0.3333333333333333, "2_MONTANT_390_0": 0.42857142857142855, "3_Tel_390_0": 0.0, "4_17000_390_0": 0.0, "5_LA_390_0": 0.0, "6_ROCHELLE_390_0": 0.0, "7_33_390_0": 0.0, "8_RUE_390_0": 0.0, "9_DE_390_0": 0.0, "10_LA_390_0": 0.5, "11_SCIERIE_390_0": 0.0, "12_CRF-CITY_390_0": 0.0, "13_LA_390_0": 0.5, "14_ROCHELLE_390_0": 0.0, "0_A_407_2": 0.0, "1_BIENTOT_407_2": 0.0, "0_ _receipt_00374_0": 4.0, "0_A_185_2": 0.0, "1_BIENTOT_185_2": 0.0, "2_MERCI_185_2": 0.0, "3_DE_185_2": 0.0, "4_VOTRE_185_2": 0.0, "5_VISITE_185_2": 0.0, "6_22/02/2017_185_2": 0.0, "7_12:38:09_185_2": 0.0, "8_000178_185_2": 0.3333333333333333, "9_0006_185_2": 0.0, "10_004_185_2": 0.0, "0_16_760_3": 0.5, "1_Article(+)_760_3": 0.0, "2_12_760_3": 0.5, "3_159,_760_3": 0.0, "4_27_760_3": 0.0, "5_F_760_3": 0.0, "6_TOTAL_760_3": 0.4, "7_EN_760_3": 0.0, "8_FRANC_760_3": 0.0, "9_6,55957_760_3": 0.14285714285714285, "10_FRANC_760_3": 0.0, "11_1_760_3": 0.0, "12_EURO_760_3": 0.0, "13_TOTAL:_760_3": 0.0, "0_Rp 0.00_receipt_00257_1": 0.5714285714285714, "1_Customer_receipt_00257_1": 0.375, "2_Paid_receipt_00257_1": 0.0, "3_Visa:_receipt_00257_1": 0.0, "4_Rp 165000.00_receipt_00257_1": 0.25, "5_Total:_receipt_00257_1": 0.0, "6_Rp 165000.00_receipt_00257_1": 0.9166666666666666, "7_Total_receipt_00257_1": 0.4, "8_Rp 15000.00_receipt_00257_1": 0.9090909090909091, "9_Tax_receipt_00257_1": 0.3333333333333333, "10_Included:_receipt_00257_1": 0.8888888888888888, "11_Rp 165000.00_receipt_00257_1": 0.5, "12_Subtotal:_receipt_00257_1": 0.2222222222222222, "13_Box_receipt_00257_1": 0.6666666666666666, "14_of_receipt_00257_1": 0.5, "15_6_receipt_00257_1": 1.0, "16_PP_receipt_00257_1": 1.5, "17_Carrier_receipt_00257_1": 0.14285714285714285, "18_Rp 165000.00_receipt_00257_1": 0.4166666666666667, "19_Pcs_receipt_00257_1": 0.3333333333333333, "20_Cheese_receipt_00257_1": 0.16666666666666666, "21_Tart_receipt_00257_1": 0.25, "22_6_receipt_00257_1": 1.0, "0_Tel_338_0": 0.0, "1_17000_338_0": 0.0, "2_ROCHELLE_338_0": 0.0, "3_LA_338_0": 0.5, "4_33_338_0": 0.0, "5_RUE_338_0": 0.0, "6_SCIERIE_338_0": 0.0, "7_DE_338_0": 0.0, "8_LA_338_0": 1.5, "9_CRF-CITY_338_0": 0.0, "10_LA_338_0": 0.0, "11_ROCHELLE_338_0": 0.0, "0_PREPA_641_2": 0.0, "1_MOELLEUX_641_2": 0.125, "2_CHOCO_641_2": 0.0, "3_ALSA.4356_641_2": 0.1111111111111111, "4_0.59_641_2": 0.25, "5_BONS_641_2": 0.0, "6_DE_641_2": 1.0, "7_REDUCTION_641_2": 0.0, "8_20%00_641_2": 0.2, "9_7.57_641_2": 0.25, "10_1.51_641_2": 0.0, "11_9.08_641_2": 0.25, "12_10.81_641_2": 0.0, "13_2_641_2": 0.0, "14_5850_641_2": 0.0, "15_10.25_641_2": 0.2, "16_0.56_641_2": 0.5, "17_Code_641_2": 0.0, "18_HT_641_2": 0.5, "19_TVA_641_2": 0.6666666666666666, "20_TTC_641_2": 0.6666666666666666, "21_Rendu_641_2": 0.0, "22_0.70_641_2": 1.0, "23_Especes_641_2": 0.0, "24_20.00_641_2": 0.0, "25_Reste_641_2": 0.0, "26_19.30_641_2": 0.0, "0_CHANGE_receipt_00454_1": 0.0, "1_50,000_receipt_00454_1": 0.16666666666666666, "2_CASH_receipt_00454_1": 0.0, "3_20,000_receipt_00454_1": 0.0, "4_BEAN_receipt_00454_1": 0.0, "5_RED_receipt_00454_1": 0.0, "6_BRAIDED_receipt_00454_1": 0.0, "7_BREAD_receipt_00454_1": 0.0, "8_1_receipt_00454_1": 0.0, "9_12,500_receipt_00454_1": 0.0, "10_REAL_receipt_00454_1": 0.0, "11_MILK_receipt_00454_1": 0.0, "12_CHOCO_receipt_00454_1": 0.6, "13_BREAD_receipt_00454_1": 0.0, "14_1_receipt_00454_1": 0.0, "0_Change:_receipt_00131_1": 0.2857142857142857, "1_28.000_receipt_00131_1": 0.16666666666666666, "2_Tendered:_receipt_00131_1": 0.2222222222222222, "3_50.000_receipt_00131_1": 0.0, "4_Cash_receipt_00131_1": 0.5, "5_Total._receipt_00131_1": 0.16666666666666666, "6_22.000_receipt_00131_1": 0.16666666666666666, "7_Total_receipt_00131_1": 0.2, "8_Item:_receipt_00131_1": 0.4, "9_2_receipt_00131_1": 0.0, "10_0_receipt_00131_1": 1.0, "11_0_receipt_00131_1": 2.0, "12_x1_receipt_00131_1": 1.0, "13_6001-Plastic_receipt_00131_1": 0.08333333333333333, "14_Bag_receipt_00131_1": 0.3333333333333333, "15_Small_receipt_00131_1": 0.2, "16_22.000_receipt_00131_1": 0.16666666666666666, "17_22.000_receipt_00131_1": 0.16666666666666666, "18_x1_receipt_00131_1": 1.0, "19_1001-Choco_receipt_00131_1": 0.2, "20_Bun_receipt_00131_1": 0.0, "0_408,683_receipt_00681_1": 0.0, "1_TOTAL_receipt_00681_1": 0.0, "2_37,153_receipt_00681_1": 0.16666666666666666, "3_PB1_receipt_00681_1": 0.3333333333333333, "4_10%_receipt_00681_1": 0.6666666666666666, "5_21,030_receipt_00681_1": 0.0, "6_6%_receipt_00681_1": 1.0, "7_CHG_receipt_00681_1": 0.6666666666666666, "8_SVC_receipt_00681_1": 1.0, "9_350,500_receipt_00681_1": 0.0, "10_SUBTTL_receipt_00681_1": 0.16666666666666666, "11_FRUIT_receipt_00681_1": 0.0, "12_COCKTAIL_receipt_00681_1": 0.125, "13_65,000_receipt_00681_1": 0.16666666666666666, "14_1_receipt_00681_1": 0.0, "15_FRESH_receipt_00681_1": 0.0, "16_MINERAL_receipt_00681_1": 0.0, "17_1_receipt_00681_1": 0.0, "18_WATER_receipt_00681_1": 0.2, "19_23,000_receipt_00681_1": 0.0, "20_1_receipt_00681_1": 0.0, "21_GRILLED_receipt_00681_1": 0.0, "22_SALMON_receipt_00681_1": 0.0, "23_TERIYAK_receipt_00681_1": 0.0, "24_177,000_receipt_00681_1": 0.0, "25_1_receipt_00681_1": 0.0, "26_SALMON_receipt_00681_1": 0.0, "27_PESTO_receipt_00681_1": 0.0, "28_85,500_receipt_00681_1": 0.0, "0_12h00_666_5": 0.0, "1_0046_666_5": 1.0, "2_A_666_5": 1.0, "3_DE_666_5": 0.0, "4_dimanche_666_5": 0.0, "5_ouvert_666_5": 0.0, "6_les_666_5": 0.0, "7_tous_666_5": 0.0, "8_VOTRE_666_5": 0.0, "9_T0064_666_5": 0.0, "10_C004_666_5": 0.25, "11_00016_666_5": 0.4, "12_M09133_666_5": 0.16666666666666666, "0_CHANGE_receipt_00069_1": 0.0, "1_0_receipt_00069_1": 0.0, "2_CASH_receipt_00069_1": 0.0, "3_23,000_receipt_00069_1": 0.0, "4_TOTAL_receipt_00069_1": 0.0, "5_23,000_receipt_00069_1": 0.0, "0_DE_641_4": 0.0, "1_VOTRE_641_4": 0.0, "2_MAGASIN_641_4": 0.14285714285714285, "3_CARTE_641_4": 0.0, "4_AVEC_641_4": 0.0, "5_LA_641_4": 0.0, "6_ET_641_4": 0.0, "7_TOUJOURS_641_4": 0.0, "8_PLUS_641_4": 0.0, "9_DE_641_4": 0.0, "10_VOTRE_641_4": 0.0, "11_VISITE_641_4": 0.0, "12_NOUS_641_4": 0.0, "13_Merci_641_4": 0.2, "14_votre_641_4": 0.4, "15_fidelite_641_4": 0.0, "16_de_641_4": 0.0, "17_\u20ac,_641_4": 1.0, "18_33.58_641_4": 0.2, "19_grace_641_4": 0.6, "20_a_641_4": 1.0, "21_la_641_4": 1.0, "22_carte_641_4": 0.0, "23_E.Leclerc,_641_4": 0.1, "24_2017,_641_4": 0.0, "25_En_641_4": 0.0, "26_vous_641_4": 0.0, "27_avez_641_4": 0.0, "28_obtenu_641_4": 0.3333333333333333, "29_en_641_4": 0.5, "30_tout._641_4": 0.2, "31_Modalites,_641_4": 0.2, "32_duree_641_4": 0.0, "33_de_641_4": 0.0, "34_validite_641_4": 0.0, "35_l'accueil_641_4": 0.1111111111111111, "0_DESCRIPTION_262_0": 0.2727272727272727, "1_QTE_262_0": 1.0, "2_MONTANT_262_0": 1.0, "3_:_262_0": 2.0, "4_Tel_262_0": 0.6666666666666666, "5_ROCHELLE_262_0": 0.25, "6_17000_262_0": 0.0, "7_LA_262_0": 1.0, "8_RUE_262_0": 0.0, "9_DE_262_0": 0.0, "10_LA_262_0": 0.5, "11_SCIERIE_262_0": 0.0, "12_33_262_0": 1.0, "13_CRF-CITY_262_0": 0.0, "14_LA_262_0": 0.5, "15_ROCHELLE_262_0": 0.0, "0_BIENTOT_30_1": 0.0, "1_MERCI_30_1": 0.0, "2_DE_30_1": 0.0, "3_VOTRE_30_1": 0.0, "4_VISITE_30_1": 0.0, "5_01_30_1": 1.0, "6_003_30_1": 0.0, "7_000057_30_1": 0.0, "8_21/02/2017_30_1": 0.0, "9_12:12:17_30_1": 0.0, "10_CB_30_1": 1.0, "11_EMV_30_1": 0.0, "12_SANS_30_1": 0.0, "13_CONTACT_30_1": 0.0, "14_EUR_30_1": 0.0, "15_4.11\u20ac_30_1": 0.4, "16_1_30_1": 0.0, "17_ARTICLE(S)_30_1": 0.2, "18_TOTAL_30_1": 0.0, "19_A_30_1": 0.0, "20_PAYER_30_1": 0.0, "21_4.11\u20ac_30_1": 1.0, "22_*NOUILI_30_1": 0.2857142857142857, "23_ES_30_1": 0.0, "24_THAI_30_1": 0.25, "25_PLT_30_1": 0.0, "26_4.11e_30_1": 0.2, "27_DESCR:_30_1": 0.16666666666666666, "28_PTION_30_1": 0.2, "29_QTE_30_1": 1.0, "30_NONTANT_30_1": 0.14285714285714285, "0_WALL'S_receipt_00598_0": 0.0, "1_FEAST_receipt_00598_0": 0.2, "2_5,400_receipt_00598_0": 0.0, "3_5400_receipt_00598_0": 0.0, "4_VNILA65_receipt_00598_0": 0.42857142857142855, "5_1_receipt_00598_0": 1.0, "6_MAGNUM_receipt_00598_0": 0.16666666666666666, "7_WHT_receipt_00598_0": 0.0, "8_ALMND_receipt_00598_0": 0.2, "9_80_receipt_00598_0": 0.5, "10_1_receipt_00598_0": 0.0, "11_15000_receipt_00598_0": 0.0, "12_15,000_receipt_00598_0": 0.16666666666666666, "13_60_receipt_00598_0": 0.5, "14_WALL'S_receipt_00598_0": 0.16666666666666666, "15_BABY_receipt_00598_0": 0.0, "16_SHARK_receipt_00598_0": 0.4, "17_1_receipt_00598_0": 0.0, "18_3000_receipt_00598_0": 0.0, "19_3,000_receipt_00598_0": 0.2, "0_0_receipt_00783_1": 0.0, "1_CASH_receipt_00783_1": 0.25, "2_50.000_receipt_00783_1": 0.0, "3_TOTAL_receipt_00783_1": 0.2, "4_Caramel_receipt_00783_1": 0.0, "5_Medium_receipt_00783_1": 0.0, "6_1_receipt_00783_1": 2.0, "7_50.000_receipt_00783_1": 0.16666666666666666, "0_VOS_624_1": 1.0, "1_AVANTA_624_1": 0.16666666666666666, "2_CARIE_624_1": 0.2, "3_ES_624_1": 0.0, "4_U_624_1": 1.0, "5_13_624_1": 0.0, "6_/_624_1": 1.0, "7_Taux_624_1": 0.0, "8_Nornal_624_1": 0.16666666666666666, "9_20%_624_1": 0.0, "10_0,43_624_1": 0.5, "11_=_624_1": 0.0, "12_\u20ac_624_1": 0.0, "13_Taux_624_1": 0.0, "14_11_624_1": 1.0, "15_Reduit_624_1": 0.0, "16_5,5%_624_1": 0.25, "17_0,87_624_1": 0.25, "18_=_624_1": 0.0, "19_\u20ac_624_1": 1.0, "20_14_624_1": 0.5, "21_Ventes_624_1": 0.16666666666666666, "22_a_624_1": 0.0, "23_10%_624_1": 0.3333333333333333, "24_0.27_624_1": 0.0, "25_\u20ac_624_1": 0.0, "26_=_624_1": 0.0, "27_Rendu_624_1": 0.0, "28_ESPECES_624_1": 0.0, "29_3,04_624_1": 0.25, "30_\u20ac_624_1": 0.0, "31_ESPECES_624_1": 0.0, "32_25,30_624_1": 0.2, "33_\u20ac_624_1": 0.0, "34_Article(s)_624_1": 0.2, "35_22,26_624_1": 0.2, "36_\u20ac_624_1": 0.0, "37_TIELLE_624_1": 0.0, "38_2,19_624_1": 0.25, "39_\u20ac_624_1": 0.0, "40_SALADE_624_1": 0.16666666666666666, "41_MANHATTAN_624_1": 0.1111111111111111, "42_SODEBO_624_1": 0.0, "43_320G_624_1": 0.25, "44_2,99_624_1": 0.25, "45_\u20ac_624_1": 0.0, "46_>>>>_624_1": 0.0, "47_L_624_1": 0.0, "48_2_624_1": 1.0, "49_x_624_1": 2.0, "50_1,82_624_1": 0.5, "51_\u20ac_624_1": 0.0, "52_3,64_624_1": 0.25, "53_\u20ac_624_1": 0.0, "54_BEUR.DX_624_1": 0.0, "55_82%AOP_624_1": 0.8333333333333334, "56_FERM.PQ_624_1": 0.2857142857142857, "57_GD_624_1": 1.0, "58_250G_624_1": 0.25, "59_TOMME_624_1": 0.4, "60_DES_624_1": 0.0, "61_PYRE.IGP27&U200G_624_1": 0.3125, "62_NRE_624_1": 0.0, "63_1,95_624_1": 0.25, "64_\u20ac_624_1": 0.0, "65_DEMI_624_1": 0.5, "66_ST-NECT.AOP_624_1": 0.09090909090909091, "67_LP_624_1": 0.0, "68_27%_624_1": 0.0, "69_U_624_1": 0.0, "70_280G_624_1": 0.25, "71_3,05_624_1": 0.25, "72_\u20ac_624_1": 0.0, "73_>>>>_624_1": 0.5, "74_L.S._624_1": 1.0, "0_Vous_255_2": 0.0, "1_remercie_255_2": 0.0, "2_de_255_2": 0.0, "3_votre_255_2": 0.0, "4_visite_255_2": 0.0, "5_CARREFOUR_255_2": 0.0, "6_MARKET_255_2": 0.0, "7_AYTRE_255_2": 0.0, "8_07/01/2017_255_2": 0.0, "9_12:49:20_255_2": 0.0, "10_0110_255_2": 0.0, "11_003_255_2": 0.0, "12_000127_255_2": 0.0, "13_BANCAIRE_255_2": 0.0, "14_EMV_255_2": 0.0, "15_EUR_255_2": 0.0, "16_34.43\u20ac_255_2": 0.3333333333333333, "17_CARTE_255_2": 0.0, "18_16_255_2": 0.0, "19_ARTICLE_255_2": 0.0, "20_(S)_255_2": 0.3333333333333333, "21_TOTAL_255_2": 0.0, "22_A_255_2": 0.0, "23_PAYER_255_2": 0.0, "24_34.43\u20ac_255_2": 0.3333333333333333, "25_/_255_2": 1.0, "26_/_255_2": 0.0, "27_TOTAL_255_2": 0.0, "28_BEAUTE_255_2": 0.0, "29_SAHTE_255_2": 0.2, "30_HYGIENE_255_2": 0.0, "31_3.05\u20ac_255_2": 0.4, "32_3.05\u20ac_255_2": 0.4, "33_AXE_255_2": 0.0, "34_DEO_255_2": 0.0, "35_BLACK_255_2": 0.0, "0_CHANGED_receipt_00579_1": 0.14285714285714285, "1_30.000_receipt_00579_1": 0.3333333333333333, "2_CASH_receipt_00579_1": 0.25, "3_50.000_receipt_00579_1": 0.5, "4_TOTAL_receipt_00579_1": 0.0, "0_CASH_receipt_00495_1": 0.5, "1_6,001_receipt_00495_1": 0.8, "2_TOTAL_receipt_00495_1": 1.2, "3_6,001_receipt_00495_1": 0.6, "4_AMOUNT_receipt_00495_1": 0.8333333333333334, "5_546_receipt_00495_1": 0.3333333333333333, "6_PB1_receipt_00495_1": 1.0, "7_10%_receipt_00495_1": 1.3333333333333333, "8_10.000%_receipt_00495_1": 1.0, "9_SUBTOTAL_receipt_00495_1": 1.0, "10_5,455_receipt_00495_1": 0.6, "11_AQUA_receipt_00495_1": 1.0, "12_BOTOL_receipt_00495_1": 0.8, "13_5,455_receipt_00495_1": 0.6, "0_Card_receipt_00185_1": 0.25, "1_Payment_receipt_00185_1": 0.14285714285714285, "2_58,000_receipt_00185_1": 0.0, "3_Total_receipt_00185_1": 0.0, "4_58,000_receipt_00185_1": 0.16666666666666666, "5_(10%)_receipt_00185_1": 0.6, "6_PB1_receipt_00185_1": 0.3333333333333333, "7_5,273_receipt_00185_1": 0.2, "8_Sub_receipt_00185_1": 0.0, "9_Total_receipt_00185_1": 0.0, "10_52,727_receipt_00185_1": 0.16666666666666666, "11_YELLOW VELVET_receipt_00185_1": 0.0, "12_1_receipt_00185_1": 1.0, "13_0_receipt_00185_1": 1.0, "14_YELLOW VELVET_receipt_00185_1": 0.0, "15_1_receipt_00185_1": 1.0, "16_0_receipt_00185_1": 2.0, "17_1_receipt_00185_1": 1.0, "18_ROASTED_receipt_00185_1": 0.0, "19_ALMOND_receipt_00185_1": 0.0, "20_0_receipt_00185_1": 2.0, "21_1_receipt_00185_1": 1.0, "22_LONGAN_receipt_00185_1": 0.0, "23_0_receipt_00185_1": 1.0, "24_1_receipt_00185_1": 0.0, "25_LYCHEE_receipt_00185_1": 0.0, "26_0_receipt_00185_1": 1.0, "0_002_557_1": 0.0, "1_0004_557_1": 0.0, "2_28/06/2017_557_1": 0.0, "3_000350_557_1": 0.0, "4_19:54:15_557_1": 0.125, "5_CB_557_1": 0.5, "6_EMV_557_1": 0.0, "7_SANS_557_1": 0.0, "8_CONTACT_557_1": 0.0, "9_EUR_557_1": 0.0, "10_11.59\u20ac_557_1": 0.3333333333333333, "11_(S)_557_1": 0.6666666666666666, "12_ARTICLE_557_1": 0.0, "13_TOTAL_557_1": 0.0, "14_A_557_1": 0.0, "15_PAYER_557_1": 0.0, "16_11.59\u20ac_557_1": 0.16666666666666666, "17_*PIM'S_557_1": 0.16666666666666666, "18_ORANGE_557_1": 0.0, "19_LU_557_1": 1.0, "20_1.24\u20ac_557_1": 0.4, "21_C_557_1": 1.0, "22_*PET_557_1": 0.25, "23_6X1.5L_557_1": 0.16666666666666666, "24_EAU_557_1": 0.0, "25_SCE_557_1": 0.0, "26_1.14\u20ac_557_1": 0.4, "27_*EVIAN_557_1": 0.16666666666666666, "28_NEW_557_1": 0.0, "29_1.5L_557_1": 0.25, "30_0.61\u20ac_557_1": 0.4, "31_*BEURRE_557_1": 0.0, "32_PRESIDENT_557_1": 0.0, "33_2.01\u20ac_557_1": 0.4, "34_*75_557_1": 0.3333333333333333, "35_MERLOTML_557_1": 0.125, "36_VDP_557_1": 1.0, "37_OC_557_1": 1.0, "38_3.07\u20ac_557_1": 0.6, "39_*1L_557_1": 0.6666666666666666, "40_LT_557_1": 1.0, "41_EC_557_1": 0.0, "42_MATIN_557_1": 0.2, "43_LEG_557_1": 0.3333333333333333, "44_2x_557_1": 1.0, "45_1.76_557_1": 0.0, "46_3.52\u20ac_557_1": 0.4, "0_0_receipt_00463_1": 0.0, "1_CHANGE_receipt_00463_1": 0.0, "2_20,000_receipt_00463_1": 0.0, "3_CASH_receipt_00463_1": 0.0, "4_TOTAL_receipt_00463_1": 0.0, "5_20,000_receipt_00463_1": 0.0, "6_TT_receipt_00463_1": 0.0, "7_1_receipt_00463_1": 0.0, "8_20,000_receipt_00463_1": 0.0, "0_DESCRIPTION_590_0": 0.0, "1_MONTANT_590_0": 0.14285714285714285, "2_QTE_590_0": 1.0, "3_Dimanche_590_0": 0.0, "4_de_590_0": 0.0, "5_09h00_590_0": 0.2, "6_a_590_0": 1.0, "7_12h15_590_0": 0.2, "8_et_590_0": 0.0, "9_Samedi_590_0": 0.0, "10_de_590_0": 0.0, "11_08h30_590_0": 0.0, "12_a_590_0": 0.0, "13_19h30_590_0": 0.0, "14_Vendredi_590_0": 0.0, "15_a_590_0": 0.0, "16_19h30_590_0": 0.0, "17_15h00_590_0": 0.0, "18_au_590_0": 0.0, "19_Jeudi_590_0": 0.0, "20_de_590_0": 0.0, "21_8h30_590_0": 0.0, "22_a_590_0": 0.0, "23_12h30_590_0": 0.0, "24_Lundi_590_0": 0.0, "25_:_590_0": 1.0, "26_Tel_590_0": 0.0, "27_L_590_0": 0.0, "28_ABBE_590_0": 0.0, "29_D_590_0": 1.0, "30_ARNOULT_590_0": 0.0, "31_PONT_590_0": 0.0, "0_ _receipt_00690_0": 2.0, "0_VOTRE_104_2": 0.0, "1_MERCI_104_2": 0.0, "2_DE_104_2": 0.0, "3_VISITE_104_2": 0.0, "4_17/11/2016_104_2": 0.1, "5_0004_104_2": 0.0, "6_004_104_2": 0.0, "7_000475_104_2": 0.16666666666666666, "8_18:14:51_104_2": 0.0, "0_000362_258_1": 0.0, "1_0007_258_1": 0.0, "2_004_258_1": 0.3333333333333333, "3_08/07/2017_258_1": 0.0, "4_14:27:36_258_1": 0.0, "5_CB_258_1": 1.0, "6_EMV_258_1": 0.0, "7_SANS_258_1": 0.0, "8_CONTACT_258_1": 0.0, "9_EUR_258_1": 0.0, "10_6.65\u20ac_258_1": 0.4, "11_4_258_1": 1.0, "12_ARTICLE_258_1": 0.0, "13_(S)_258_1": 1.0, "14_TOTAL_258_1": 0.0, "15_A_258_1": 0.0, "16_PAYER_258_1": 0.0, "17_6.65\u20ac_258_1": 0.6, "18_*CONTREX_258_1": 0.125, "19_1L_258_1": 1.0, "20_0.54\u20ac_258_1": 0.4, "21_*BLC_258_1": 0.5, "22_POULET_258_1": 1.0, "23_HERBES_258_1": 1.0, "24_1.646_258_1": 0.4, "25_*BARR.GRANY_258_1": 0.2727272727272727, "26_POMME_258_1": 1.0, "27_U_258_1": 1.0, "28_2.19\u20ac_258_1": 0.4, "29_*1926_258_1": 0.2, "30_GRANY_258_1": 0.8, "31_MOELLEU_258_1": 0.0, "32_2.28\u20ac_258_1": 0.4, "33_DESCRIPTION_258_1": 0.0, "34_QTE_258_1": 1.0, "35_MONTANT_258_1": 0.14285714285714285, "0_DESCRIPTION_224_0": 0.0, "1_QTE_224_0": 1.0, "2_MONTANT_224_0": 0.2857142857142857, "3_Gargot_224_0": 0.0, "4_Aytre._224_0": 0.16666666666666666, "5_Nicolas_224_0": 0.0, "6_Rue_224_0": 0.0, "7_17440_224_0": 0.0, "8_Dimanche_224_0": 0.0, "9_9h_224_0": 1.0, "10_a_224_0": 0.0, "11_12h30_224_0": 0.0, "12_Lundi_224_0": 0.0, "13_au_224_0": 0.0, "14_Samedi_224_0": 0.0, "15_de_224_0": 0.0, "16_9h_224_0": 1.0, "17_a_224_0": 1.0, "18_20h00_224_0": 0.0, "19_:_224_0": 2.0, "20_0546457320_224_0": 0.0, "21_Tel_224_0": 0.0, "22_Carrefour_224_0": 0.0, "23_market_224_0": 0.0, "24_AYTRE_224_0": 0.0, "0_:_524_0": 1.0, "1_Tel_524_0": 0.0, "2_45000_524_0": 0.0, "3_ORLEANS_524_0": 0.0, "4_1,_524_0": 0.5, "5_RUE_524_0": 0.0, "6_GRENIER_524_0": 0.0, "7_SEL_524_0": 0.0, "8_DU_524_0": 1.0, "9_A_524_0": 0.0, "10_CARREFOUR_524_0": 0.0, "11_CITY_524_0": 0.0, "12_ORLEANS_524_0": 0.0, "0_INTERNET_receipt_00062_0": 0.0, "1_WR_receipt_00062_0": 0.0, "2_3.600.000_receipt_00062_0": 0.0, "3_BREAKS_receipt_00062_0": 0.0, "4_:_receipt_00062_0": 1.0, "5_THE_receipt_00062_0": 0.0, "6_RALPH_receipt_00062_0": 0.0, "0_Echange_772_2": 0.2857142857142857, "1_presentarion_772_2": 0.08333333333333333, "2_du_772_2": 0.0, "3_ticket_772_2": 0.0, "4_sur_772_2": 0.3333333333333333, "0_Change:_receipt_00322_1": 0.2857142857142857, "1_2.000,00_receipt_00322_1": 0.0, "2_Tendered:_receipt_00322_1": 0.1111111111111111, "3_40.500,00_receipt_00322_1": 0.0, "4_Cash_receipt_00322_1": 0.5, "5_Total._receipt_00322_1": 0.0, "6_38.500,00_receipt_00322_1": 0.0, "7_Total_receipt_00322_1": 0.0, "8_Item:_receipt_00322_1": 0.0, "9_7_receipt_00322_1": 1.0, "10_0,00_receipt_00322_1": 0.0, "11_0,00_receipt_00322_1": 0.0, "12_x1_receipt_00322_1": 1.0, "13_1244-Plastik_receipt_00322_1": 0.25, "14_Tentengan_receipt_00322_1": 0.4444444444444444, "15_Sedang_receipt_00322_1": 0.16666666666666666, "16_0,00_receipt_00322_1": 0.0, "17_0,00_receipt_00322_1": 0.0, "18_x1_receipt_00322_1": 0.5, "19_1245-Plastik_receipt_00322_1": 0.08333333333333333, "20_Tentengan_receipt_00322_1": 0.1111111111111111, "21_Kecil_receipt_00322_1": 0.2, "22_8.000,00_receipt_00322_1": 0.0, "23_16.000,00_receipt_00322_1": 0.0, "24_x2_receipt_00322_1": 1.5, "0_:_148_0": 1.0, "1_Tel_148_0": 0.0, "2_ROCHELLE_148_0": 0.0, "3_17000_148_0": 0.0, "4_LA_148_0": 1.0, "5_SCIERIE_148_0": 0.0, "6_RUE_148_0": 0.0, "7_DE_148_0": 0.0, "8_LA_148_0": 1.0, "9_33_148_0": 0.0, "10_CRF-CITY_148_0": 0.0, "11_ROCHELLE_148_0": 0.0, "12_LA_148_0": 0.5, "0_2_792_0": 0.0, "1_6,99_792_0": 0.25, "2_Tasses_792_0": 0.0, "3_cappu_792_0": 0.0, "4_0104717_792_0": 0.0, "5_13,98_792_0": 0.2, "6_B_792_0": 0.0, "7_Pichet_792_0": 0.0, "8_doseu_792_0": 0.0, "9_0276485_792_0": 0.0, "10_2,49_792_0": 0.25, "11_B_792_0": 0.0, "12_papier_792_0": 0.0, "13_Sac_792_0": 0.0, "14_en_792_0": 0.0, "15_0,15_792_0": 0.25, "16_B_792_0": 0.0, "17_EUR_792_0": 1.0, "18_Dimanche_792_0": 0.125, "19_9_792_0": 1.0, "20_H_792_0": 1.0, "21_00_792_0": 1.0, "22_12_792_0": 0.0, "23_30_792_0": 1.0, "24_H_792_0": 0.0, "25_Lundi_792_0": 0.2, "26_Samedi_792_0": 0.0, "27_8_792_0": 0.0, "28_H_792_0": 0.0, "29_30_792_0": 0.0, "30_20_792_0": 0.0, "31_H_792_0": 1.0, "32_30_792_0": 0.0, "33_Lyon_792_0": 0.0, "34_69003_792_0": 0.0, "35_278_792_0": 0.0, "36_Lafayette_792_0": 0.0, "37_276_792_0": 0.3333333333333333, "38_Cours_792_0": 0.0, "39_Lyon_792_0": 0.0, "40_Lafayette_792_0": 0.0, "41_0588_792_0": 0.0, "0_DESCRIPTION_599_0": 0.0, "1_QTE_599_0": 1.3333333333333333, "2_MONTANT_599_0": 0.14285714285714285, "3_:_599_0": 1.0, "4_Tel_599_0": 0.0, "5_75014_599_0": 0.0, "6_Paris_599_0": 0.0, "7_17_599_0": 0.5, "8_niepce_599_0": 0.0, "9_rue_599_0": 0.3333333333333333, "10_de_599_0": 0.0, "11_CRF_599_0": 0.0, "12_CITY_599_0": 0.0, "13_PARIS_599_0": 0.0, "14_NIEPCE_599_0": 0.0, "0_QTE_242_0": 1.0, "1_HONTANT_242_0": 0.14285714285714285, "2_DESCRIPTION_242_0": 0.0, "3_Aytre._242_0": 0.0, "4_Gargot_242_0": 0.0, "5_Nicolas_242_0": 0.0, "6_17440_242_0": 0.0, "7_Rue_242_0": 0.0, "8_9h_242_0": 0.5, "9_a_242_0": 0.0, "10_12h30_242_0": 0.0, "11_Dimanche_242_0": 0.0, "12_Samedi_242_0": 0.0, "13_de_242_0": 0.0, "14_9h_242_0": 1.0, "15_a_242_0": 0.0, "16_20h00_242_0": 0.0, "17_Lundi_242_0": 0.0, "18_au_242_0": 0.0, "19_0546457320_242_0": 0.0, "20_Tel_242_0": 0.0, "21_Carrefour_242_0": 0.0, "22_market_242_0": 0.0, "23_AYTRE_242_0": 0.0, "0_A_544_2": 0.0, "1_BIENTOT_544_2": 0.0, "2_VISITE_544_2": 0.0, "3_MERCI_544_2": 0.0, "4_DE_544_2": 0.0, "5_VOTRE_544_2": 0.0, "6_31/03/2017_544_2": 0.0, "7_002_544_2": 0.0, "8_000073_544_2": 0.0, "9_13:08:33_544_2": 0.0, "10_0014_544_2": 0.25, "11_Carte_544_2": 0.0, "12_:_544_2": 1.0, "0_A_509_2": 0.0, "1_BIENTOT_509_2": 0.0, "0_/_245_1": 1.0, "1_/_245_1": 1.0, "2_0.83\u20ac_245_1": 0.4, "3_TOTAL_245_1": 0.0, "4_BEAUTE_245_1": 0.0, "5_SANTE_245_1": 0.0, "6_HYGIENE_245_1": 0.14285714285714285, "7_0.83\u20ac_245_1": 0.4, "8_ALLUMETTES_245_1": 0.1, "9_3X240_245_1": 0.2, "10_TOTAL_245_1": 0.0, "11_ALIMENTAIRE_245_1": 0.0, "12_24.51e_245_1": 0.5, "13_1.87\u20ac_245_1": 1.0, "14_*TAILLEFINE_245_1": 0.0, "15_RGE_245_1": 0.3333333333333333, "16_FRT_245_1": 0.3333333333333333, "17_GLUTEN_245_1": 0.0, "18_CROUSTI_245_1": 0.5714285714285714, "19_SS_245_1": 1.0, "20_*SCISS.COCKTAIL_245_1": 0.06666666666666667, "21_CRF_245_1": 0.0, "22_*SCISS.COCKTAIL_245_1": 0.06666666666666667, "23_CRF_245_1": 0.6666666666666666, "24_*SCISS.COCKTAIL_245_1": 0.06666666666666667, "25_CRF_245_1": 0.0, "26_NORVEGE_245_1": 0.0, "27_SAUM.FUME_245_1": 0.3333333333333333, "28_*FEUILLE_245_1": 0.0, "29_DE_245_1": 0.0, "30_CHENE_245_1": 0.2, "31_1.5_245_1": 0.6666666666666666, "32_*CERVELAS_245_1": 0.1111111111111111, "33_200G_245_1": 0.25, "34_1.17_245_1": 0.75, "35_*CABECOU_245_1": 0.25, "36_AU_245_1": 0.5, "37_LARDON_245_1": 0.0, "38_1.176_245_1": 0.8, "39_AU_245_1": 0.0, "40_LARDON_245_1": 0.0, "41_*CABECOU_245_1": 0.0, "42_1.136_245_1": 1.0, "43_3.2%_245_1": 0.25, "44_MG_245_1": 1.0, "45_*450G_245_1": 0.4, "46_CALIN_245_1": 0.2, "47_0.99\u20ac_245_1": 0.6, "48_CHIPS_245_1": 0.0, "49_CRF_245_1": 0.0, "50_*200G_245_1": 0.4, "51_NAT_245_1": 0.0, "0_QTE_234_0": 1.0, "1_DESCRIPTION_234_0": 0.0, "2_NONTANT_234_0": 0.14285714285714285, "3_Gargot_234_0": 0.0, "4_Aytre._234_0": 0.16666666666666666, "5_Nicolas_234_0": 0.0, "6_17440_234_0": 0.0, "7_Rue_234_0": 0.0, "8_12h30_234_0": 0.0, "9_Dimanche_234_0": 0.0, "10_9h_234_0": 0.5, "11_a_234_0": 0.0, "12_a_234_0": 0.0, "13_20h00_234_0": 0.0, "14_au_234_0": 0.0, "15_Samedi_234_0": 0.0, "16_de_234_0": 0.0, "17_9h_234_0": 0.5, "18_Lundi_234_0": 0.0, "19_0546457320_234_0": 0.0, "20_Tel_234_0": 0.0, "21_market_234_0": 0.0, "22_AYTRE_234_0": 0.0, "23_Carrefour_234_0": 0.0, "0_TICKET_614_2": 0.0, "1_A_614_2": 0.0, "2_CONSERVER_614_2": 0.0, "3_fidelite._614_2": 0.0, "4_canditions_614_2": 0.1, "5_a_614_2": 1.0, "6_l'accueil._614_2": 0.1, "7_nagasins_614_2": 0.5, "8_participant_614_2": 0.0, "9_dans_614_2": 0.25, "10_tous_614_2": 0.0, "11_les_614_2": 0.3333333333333333, "12_progranne_614_2": 0.5555555555555556, "13_U_614_2": 1.0, "14_au_614_2": 0.5, "15_lendenain,_614_2": 0.1, "16_sur_614_2": 0.0, "17_prasentation_614_2": 0.25, "18_de_614_2": 0.0, "19_votre_614_2": 0.6, "20_Carte_614_2": 0.0, "21_U,_614_2": 1.0, "22_jour,_614_2": 0.4, "23_Les_614_2": 0.0, "24_Carte_614_2": 0.0, "25_U_614_2": 1.0, "26_obtenus_614_2": 0.0, "27_ce_614_2": 1.0, "28_seront_614_2": 0.0, "29_a_614_2": 0.0, "30_valoir_614_2": 0.16666666666666666, "31_des_614_2": 0.3333333333333333, "32_SOLDE_614_2": 0.0, "33_CARTE_614_2": 0.2, "34_6,09_614_2": 0.25, "35_VOTRE_614_2": 0.2, "36_NOUVEAU_614_2": 0.5714285714285714, "37_U_614_2": 1.0, "38_OBTENUS_614_2": 0.0, "39_VOS_614_2": 2.0, "40_CARTE_614_2": 0.0, "41_U_614_2": 1.0, "42_0,10_614_2": 0.25, "43_@_614_2": 1.0, "44_VOTRE_614_2": 0.2, "45_SOLDE_614_2": 0.0, "46_CARTE_614_2": 0.0, "47_U_614_2": 0.0, "48_PRECEDENT_614_2": 0.0, "49_5.99_614_2": 0.0, "50_MONTANT_614_2": 0.2857142857142857, "51_ACHATS_614_2": 0.0, "52_16,18_614_2": 0.2, "53_0,10_614_2": 0.25, "54_0,10_614_2": 0.25, "55_GRACE_614_2": 0.0, "56_VOTRE_614_2": 0.0, "57_AVANTAGE_614_2": 0.125, "58_VISITE_614_2": 0.0, "59_A_614_2": 0.0, "60_VOS_614_2": 1.0, "61_CARTE_614_2": 0.0, "62_U_614_2": 1.0, "63_ACHAT_614_2": 0.0, "0_*PARMIGIANO_483_1": 0.18181818181818182, "1_REGGIAN_483_1": 0.0, "2_1.13\u20ac_483_1": 0.4, "3_1.10\u20ac_483_1": 0.4, "4_HOUTARDE_483_1": 0.0, "5_ORIGINALE_483_1": 0.0, "6_*HAXI_483_1": 0.2, "7_NATUR.JACQUET_483_1": 0.15384615384615385, "8_1.04\u20ac_483_1": 0.4, "9_S/U_483_1": 0.6666666666666666, "10_8.80\u20ac_483_1": 0.4, "11_HAGRET_483_1": 0.16666666666666666, "12_CANARD_483_1": 0.0, "13_1.89\u20ac_483_1": 0.4, "14_KRISPROLLS_483_1": 0.0, "15_400G_483_1": 0.25, "16_1.41\u20ac_483_1": 0.4, "17_*EMMENTAL_483_1": 0.1111111111111111, "18_RAPE_483_1": 0.0, "19_CRF_483_1": 0.0, "20_1.08_483_1": 0.0, "21_3.24\u20ac_483_1": 0.4, "22_*EAU_483_1": 0.25, "23_CRISTALINE_483_1": 0.1, "24_X6_483_1": 0.0, "25_3x_483_1": 0.5, "26_7.41\u20ac_483_1": 0.4, "27_DELP.4T_483_1": 0.0, "28_SF_483_1": 0.0, "29_NORVEGE_483_1": 0.0, "30_*BANANES_483_1": 0.0, "31_1.99\u20ac_483_1": 0.4, "32_1.26_483_1": 0.0, "33_2.52\u20ac_483_1": 0.4, "34_*BAGUETTE_483_1": 0.1111111111111111, "35_PRECUITE_483_1": 0.0, "36_2x_483_1": 1.0, "37_0.85\u20ac_483_1": 0.4, "38_CARREFOUR_483_1": 0.0, "39_*BAGUETTE_483_1": 0.1111111111111111, "40_1.75\u20ac_483_1": 0.4, "41_*8X125G_483_1": 0.42857142857142855, "42_VELOUTE_483_1": 0.14285714285714285, "43_NAT_483_1": 0.6666666666666666, "44_6.36\u20ac_483_1": 0.4, "45_COQUILLE_483_1": 0.0, "46_S.JACQ_483_1": 0.16666666666666666, "47_*4X_483_1": 1.0, "48_2.19\u20ac_483_1": 0.6, "49_VERDURE_483_1": 0.0, "50_400G_483_1": 0.25, "51_BOLO_483_1": 0.25, "52_1.90\u20ac_483_1": 0.4, "53_PL_483_1": 0.0, "54_BEUR_483_1": 0.0, "55_2506_483_1": 0.0, "56_AOP_483_1": 0.3333333333333333, "0_2_receipt_00685_1": 1.0, "1_Items,_receipt_00685_1": 0.0, "2_29,500_receipt_00685_1": 0.16666666666666666, "3_T-CASH_receipt_00685_1": 0.8333333333333334, "4_10,000_receipt_00685_1": 0.16666666666666666, "5_Kupon_receipt_00685_1": 0.6, "6_Total_receipt_00685_1": 0.0, "7_P.Rest_receipt_00685_1": 0.3333333333333333, "8_10_receipt_00685_1": 1.0, "9_3,591_receipt_00685_1": 0.4, "10_%_receipt_00685_1": 1.0, "0_Bon_641_1": 0.0, "1_imnediat_641_1": 0.25, "2_0.59_641_1": 0.25, "3_articles_641_1": 0.0, "4_Total_641_1": 0.0, "5_22_641_1": 0.5, "6_19.89_641_1": 0.4, "7_ENVELOPPES_641_1": 0.0, "8_11X22CM_641_1": 0.42857142857142855, "9_80G.1P_641_1": 0.16666666666666666, "10_50_641_1": 0.0, "11_0.90_641_1": 0.0, "12_50ENVELOPPES_641_1": 0.08333333333333333, "13_80G,1P_641_1": 0.5, "14_0.90_641_1": 0.0, "15_C6_641_1": 0.5, "16_0.68\u20ac_641_1": 0.4, "17_4.76_641_1": 0.25, "18_2_641_1": 0.0, "19_BAGUETTE_641_1": 0.0, "20_MEUNIERS_641_1": 0.25, "21_250G_641_1": 0.25, "22_3_641_1": 0.0, "23_BATAVIA_641_1": 0.0, "24_0.99_641_1": 0.75, "25_2_641_1": 0.0, "26_ASSIETTE_641_1": 0.25, "27_CROQUANTE.250G_641_1": 0.2857142857142857, "28_1.50_641_1": 0.0, "29_2_641_1": 0.0, "30_TABOULE_641_1": 0.0, "31_ORIENT_641_1": 0.0, "32_1KG_641_1": 0.3333333333333333, "33_P.FRAICHEUR_641_1": 0.0, "34_1.58_641_1": 0.0, "35_2_641_1": 0.0, "36_CHOCO_641_1": 0.6, "37_ALSA.435G_641_1": 0.2222222222222222, "38_PREPA_641_1": 0.0, "39_MOELLEUX_641_1": 0.0, "40_1.98_641_1": 0.0, "41_LITIERE_641_1": 0.0, "42_POUR_641_1": 0.0, "43_CHAT_641_1": 0.0, "44_PARF_641_1": 0.25, "45_1.20_641_1": 0.0, "46_6.08_641_1": 0.0, "47_8_641_1": 0.0, "48_0.76\u20ac_641_1": 0.4, "49_5_641_1": 1.0, "50_EXQUIS_641_1": 0.0, "51_LES_641_1": 0.0, "52_THON,80G_641_1": 0.375, "0_3.000_receipt_00458_1": 0.0, "1_Kembali_receipt_00458_1": 0.0, "2_25.000_receipt_00458_1": 0.0, "3_Tunai_receipt_00458_1": 0.0, "4_22.000_receipt_00458_1": 0.0, "5_Total_receipt_00458_1": 0.0, "6_22.000_receipt_00458_1": 0.0, "7_DumDum_receipt_00458_1": 0.6666666666666666, "8_x_receipt_00458_1": 1.0, "9_Thai_receipt_00458_1": 0.0, "10_Iced_receipt_00458_1": 0.0, "11_Tea_receipt_00458_1": 0.0, "12_1_receipt_00458_1": 0.0, "0_:_554_1": 1.0, "1_Carte_554_1": 0.0, "2_Votre_554_1": 0.0, "3_Monnaie_554_1": 0.0, "4_-1.00\u20ac_554_1": 0.3333333333333333, "5_EUR_554_1": 0.0, "6_ESPECES_554_1": 0.0, "7_7.77\u20ac_554_1": 0.4, "8_3_554_1": 0.0, "9_ARTICLE_554_1": 0.0, "10_(S)_554_1": 0.6666666666666666, "11_6.77\u20ac_554_1": 0.4, "12_TOTAL_554_1": 0.6, "13_A_554_1": 0.0, "14_PAYER_554_1": 0.0, "15_*SAUHON_554_1": 0.2857142857142857, "16_OSEILLE/RIZ_554_1": 0.0, "17_4.18\u20ac_554_1": 0.4, "18_*250GR_554_1": 0.3333333333333333, "19_TOMATES_554_1": 0.14285714285714285, "20_CERISE_554_1": 0.16666666666666666, "21_0.99\u20ac_554_1": 0.4, "22_CAROTTE_554_1": 0.0, "23_*200G_554_1": 0.2, "24_RAPE_554_1": 0.0, "25_BI_554_1": 0.5, "26_1.60\u20ac_554_1": 0.4, "0_28,000_receipt_00287_0": 0.0, "1_1_receipt_00287_0": 1.0, "2_28,000_receipt_00287_0": 0.0, "3_BREAD_receipt_00287_0": 0.6, "4_TOAST_receipt_00287_0": 0.0, "0_Change_receipt_00606_1": 0.6666666666666666, "1_11,400_receipt_00606_1": 0.3333333333333333, "2_CASH_receipt_00606_1": 0.0, "3_150,000_receipt_00606_1": 0.14285714285714285, "4_TOTAL_receipt_00606_1": 0.6, "5_PB1_receipt_00606_1": 1.0, "6_10%_receipt_00606_1": 0.3333333333333333, "7_12,600_receipt_00606_1": 0.5, "8_126,000_receipt_00606_1": 0.5714285714285714, "9_SUBTOTAL_receipt_00606_1": 0.125, "0_ _receipt_00643_0": 2.0, "0_ _receipt_00014_0": 1.0, "0_DESCRIPION_450_0": 0.4, "1_:_450_0": 1.0, "2_Tel_450_0": 0.0, "3_LA_450_0": 0.0, "4_ROCHELLE_450_0": 0.0, "5_17000_450_0": 0.6, "6_DE_450_0": 0.0, "7_33_450_0": 0.5, "8_RUE_450_0": 0.0, "9_LA_450_0": 0.0, "10_SCIERIE_450_0": 0.2857142857142857, "11_CRF-CITY_450_0": 0.0, "12_LA_450_0": 0.0, "13_ROCHELLE_450_0": 0.0, "0_ _616_4": 2.0, "0_TOTAL_receipt_00013_1": 0.0, "1_PB1_receipt_00013_1": 0.0, "2_10%_receipt_00013_1": 0.0, "3_22,525_receipt_00013_1": 0.0, "4_SVC_receipt_00013_1": 1.0, "5_CHG_receipt_00013_1": 0.0, "6_12,750_receipt_00013_1": 0.0, "7_6%_receipt_00013_1": 0.0, "8_SUBTTL_receipt_00013_1": 0.0, "9_212,500_receipt_00013_1": 0.0, "10_1_receipt_00013_1": 0.0, "11_23,000_receipt_00013_1": 0.0, "12_ORIGINAL_receipt_00013_1": 0.0, "13_TEA_receipt_00013_1": 0.0, "14_BREWED_receipt_00013_1": 0.0, "15_1_receipt_00013_1": 0.0, "16_57,000_receipt_00013_1": 0.0, "17_EARL_receipt_00013_1": 0.0, "18_TEA_receipt_00013_1": 0.0, "19_GREY_receipt_00013_1": 0.0, "20_MILK_receipt_00013_1": 0.0, "21_1_receipt_00013_1": 0.0, "22_56,000_receipt_00013_1": 0.0, "23_CRUMBLE_receipt_00013_1": 0.0, "24_GREEN_receipt_00013_1": 0.0, "25_WITH_receipt_00013_1": 0.0, "26_TEA_receipt_00013_1": 0.0, "27_1_receipt_00013_1": 0.0, "28_76,500_receipt_00013_1": 0.0, "29_MEATBALL_receipt_00013_1": 0.0, "30_BLACK_receipt_00013_1": 0.0, "31_PEPPER_receipt_00013_1": 0.0, "0_0.00_receipt_00544_1": 0.25, "1_Kembalian_receipt_00544_1": 0.3333333333333333, "2_196,000.00_receipt_00544_1": 0.8, "3_KARTU_receipt_00544_1": 1.0, "4_CREDIT_receipt_00544_1": 0.5, "5_-350.00_receipt_00544_1": 0.7142857142857143, "6_Pembulatan_receipt_00544_1": 0.8, "7_196,350.00_receipt_00544_1": 0.6, "8_Total_receipt_00544_1": 1.0, "9_Amount_receipt_00544_1": 0.8333333333333334, "10_17,850.00_receipt_00544_1": 1.0, "11_Tax_receipt_00544_1": 1.0, "12_178,500.00_receipt_00544_1": 1.0, "13_Subtotal_receipt_00544_1": 0.875, "14_3,000.00_receipt_00544_1": 1.0, "15_3,000.00_receipt_00544_1": 0.5, "16_1.00_receipt_00544_1": 1.0, "17_SATSUMA_receipt_00544_1": 0.0, "18_AGE_receipt_00544_1": 1.0, "19_NIGIRI_receipt_00544_1": 1.0, "20_3,000.00_receipt_00544_1": 1.0, "21_3,000.00_receipt_00544_1": 0.875, "22_1.00_receipt_00544_1": 1.0, "23_TAMAGO_receipt_00544_1": 0.3333333333333333, "24_5,000.00_receipt_00544_1": 0.5, "25_15,000.00_receipt_00544_1": 0.2222222222222222, "26_TOBIKKO_receipt_00544_1": 0.7142857142857143, "27_ORANGE_receipt_00544_1": 1.0, "28_3.00_receipt_00544_1": 1.0, "29_PLASTIK_receipt_00544_1": 1.0, "30_1,000.00_receipt_00544_1": 0.25, "31_GARPU_receipt_00544_1": 0.4, "32_1.00_receipt_00544_1": 1.0, "33_1,000.00_receipt_00544_1": 1.0, "34_SENDOK_receipt_00544_1": 1.0, "35_DAN_receipt_00544_1": 1.0, "36_FRESH_receipt_00544_1": 1.0, "37_PAKET_receipt_00544_1": 1.0, "38_36,000.00_receipt_00544_1": 0.4444444444444444, "39_SUSHI_receipt_00544_1": 1.0, "40_SALMON_receipt_00544_1": 1.0, "41_36,000.00_receipt_00544_1": 0.2222222222222222, "42_1.00_receipt_00544_1": 1.0, "43_YAMASA_receipt_00544_1": 1.0, "44_HALAL_receipt_00544_1": 1.0, "45_SAUCE_receipt_00544_1": 1.0, "46_SHOYU_receipt_00544_1": 1.0, "47_SUSHI_receipt_00544_1": 1.0, "48_10,000.00_receipt_00544_1": 1.0, "49_10.00_receipt_00544_1": 1.0, "50_1,000.00_receipt_00544_1": 1.0, "51_TEMPURA_receipt_00544_1": 1.0, "52_SPICY_receipt_00544_1": 1.0, "53_9,000.00_receipt_00544_1": 1.0, "54_1.00_receipt_00544_1": 1.0, "55_9,000.00_receipt_00544_1": 1.0, "56_SKEWER_receipt_00544_1": 1.0, "57_SHITAKE_receipt_00544_1": 0.7142857142857143, "58_1.00_receipt_00544_1": 1.0, "59_9,000.00_receipt_00544_1": 1.0, "60_9,000.00_receipt_00544_1": 0.75, "0_BAKWAN_receipt_00567_1": 0.0, "1_6,500_receipt_00567_1": 0.0, "2_JAGUNG_receipt_00567_1": 0.16666666666666666, "3_AMOUNT_receipt_00567_1": 0.0, "4_-2,700_receipt_00567_1": 0.16666666666666666, "5_-30.000%_receipt_00567_1": 0.125, "6_DISC_receipt_00567_1": 0.75, "7_ITEM_receipt_00567_1": 0.5, "8_9,000_receipt_00567_1": 0.0, "9_SEMAR_receipt_00567_1": 0.4, "10_MENDEM_receipt_00567_1": 0.3333333333333333, "11_-2,700_receipt_00567_1": 0.16666666666666666, "12_AMOUNT_receipt_00567_1": 0.16666666666666666, "13_-30.000%_receipt_00567_1": 0.125, "14_DISC_receipt_00567_1": 0.75, "15_ITEM_receipt_00567_1": 1.0, "16_9,000_receipt_00567_1": 0.0, "17_PASTELGORENG_receipt_00567_1": 0.16666666666666666, "18_-2,700_receipt_00567_1": 0.3333333333333333, "19_AMOUNT_receipt_00567_1": 0.16666666666666666, "20_-30.000%_receipt_00567_1": 0.125, "21_ITEM_receipt_00567_1": 0.5, "22_DISC_receipt_00567_1": 0.75, "23_9,000_receipt_00567_1": 0.0, "24_GR_receipt_00567_1": 1.0, "25_MACARONI_receipt_00567_1": 0.0, "26_0_receipt_00567_1": 0.0, "27_MAKAN_receipt_00567_1": 0.2, "28_GARPU_receipt_00567_1": 0.2, "29_0_receipt_00567_1": 0.0, "30_SEDANG_receipt_00567_1": 0.0, "31_MIKA_receipt_00567_1": 0.0, "32_-11,400_receipt_00567_1": 0.14285714285714285, "33_AMOUNT_receipt_00567_1": 0.16666666666666666, "34_-30.000%_receipt_00567_1": 0.125, "35_ITEM_receipt_00567_1": 0.5, "36_DISC_receipt_00567_1": 0.0, "37_38,000_receipt_00567_1": 0.0, "38_SIOMAY_receipt_00567_1": 0.3333333333333333, "39_@9500_receipt_00567_1": 0.2, "40_4X_receipt_00567_1": 1.0, "41_0_receipt_00567_1": 0.0, "42_MAKAN_receipt_00567_1": 1.0, "43_SENDOK_receipt_00567_1": 0.0, "44_0_receipt_00567_1": 0.0, "45_BESAR_receipt_00567_1": 0.0, "46_MIKA_receipt_00567_1": 0.5, "47_-9,450_receipt_00567_1": 0.16666666666666666, "48_AMOUNT_receipt_00567_1": 0.6666666666666666, "49_-30.000%_receipt_00567_1": 0.125, "50_ITEM_receipt_00567_1": 0.75, "51_DISC_receipt_00567_1": 1.0, "52_31,500_receipt_00567_1": 0.0, "53_BAKAR_receipt_00567_1": 0.0, "54_NASI_receipt_00567_1": 0.75, "55_-12,000_receipt_00567_1": 0.14285714285714285, "56_AMOUNT_receipt_00567_1": 0.0, "57_-30.000%_receipt_00567_1": 0.0, "58_ITEM_receipt_00567_1": 0.0, "59_DISC_receipt_00567_1": 0.75, "60_40,000_receipt_00567_1": 0.0, "61_DUR_receipt_00567_1": 1.0, "62_PX_receipt_00567_1": 0.0, "63_PILOW_receipt_00567_1": 0.2, "0_:_32_0": 1.0, "1_Tel_32_0": 0.0, "2_17000_32_0": 0.0, "3_LA_32_0": 0.0, "4_ROCHELLE_32_0": 0.0, "5_RUE_32_0": 0.0, "6_DE_32_0": 0.0, "7_33_32_0": 0.0, "8_LA_32_0": 0.0, "9_SCIERIE_32_0": 0.0, "10_CRF-CITY_32_0": 0.0, "11_LA_32_0": 0.5, "12_ROCHELLE_32_0": 0.0, "0_fidelite,_432_1": 0.0, "1_aviez_432_1": 0.0, "2_carte_432_1": 0.0, "3_la_432_1": 0.0, "4_CARTE_432_1": 0.0, "5_BANCAIRE_432_1": 0.0, "6_EMV_432_1": 0.0, "7_EUR_432_1": 0.0, "8_11.18\u20ac_432_1": 0.3333333333333333, "9_ARTICLE_432_1": 0.0, "10_(S)_432_1": 0.3333333333333333, "11_TOTAL_432_1": 0.0, "12_A_432_1": 0.0, "13_PAYER_432_1": 0.0, "14_11.18\u20ac_432_1": 0.3333333333333333, "15_*TERRINE_432_1": 0.0, "16_CANARD_432_1": 0.0, "17_CRF_432_1": 0.0, "18_1.66\u20ac_432_1": 0.4, "19_*EMMENTAL_432_1": 0.3333333333333333, "20_RAPE_432_1": 0.0, "21_CRF_432_1": 0.0, "22_1.546_432_1": 0.4, "23_*BAGUETTE_432_1": 0.2222222222222222, "24_250G_432_1": 0.25, "25_0.84\u20ac_432_1": 0.4, "26_*500G_432_1": 0.2, "27_PAIN_432_1": 0.5, "28_DE_432_1": 0.0, "29_MIE_432_1": 0.0, "30_1.20\u20ac_432_1": 0.4, "31_*500G_432_1": 0.4, "32_COQUILL.CRF_432_1": 0.09090909090909091, "33_0.63\u20ac_432_1": 0.4, "34_*250G_432_1": 0.6, "35_TORTELL._432_1": 0.0, "36_PESTO_432_1": 0.0, "37_3.21\u20ac_432_1": 0.2, "38_*175G_432_1": 0.2, "39_PESTO_432_1": 0.0, "40_RUSTICO_432_1": 0.0, "41_2.10\u20ac_432_1": 0.4, "0_22.000_receipt_00311_1": 0.5, "1_cash:_receipt_00311_1": 0.2, "2_2,000_receipt_00311_1": 0.0, "3_PB1:_receipt_00311_1": 1.0, "4_20,000_receipt_00311_1": 0.0, "5_SubTotal:_receipt_00311_1": 1.0, "6_1_receipt_00311_1": 1.0, "7_Banana_receipt_00311_1": 0.16666666666666666, "8_20,000_receipt_00311_1": 0.3333333333333333, "9_Cho_receipt_00311_1": 0.0, "10_NuTea_receipt_00311_1": 0.0, "11_+_receipt_00311_1": 3.0, "0_:_562_0": 2.0, "1_Tel_562_0": 0.0, "2_ROCHELLE_562_0": 0.0, "3_LA_562_0": 0.0, "4_17000_562_0": 0.0, "5_3/5_562_0": 0.0, "6_DE_562_0": 0.0, "7_CORDOUAN_562_0": 0.0, "8_RUE_562_0": 0.0, "9_ROCHELLE/CRD_562_0": 0.0, "10_LA_562_0": 0.0, "11_CRF-CITY_562_0": 0.0, "0_REGAIN_705_3": 0.0, "1_VOUS_705_3": 1.0, "2_REMERCIE_705_3": 0.0, "3_DE_705_3": 0.0, "4_VOTRE_705_3": 0.0, "5_VISITE_705_3": 0.0, "6_17690_705_3": 0.0, "7_ANGOULINS_705_3": 0.0, "8_TEL:_705_3": 0.0, "9_46_705_3": 0.0, "10_05_705_3": 0.0, "11_42_705_3": 0.0, "12_05_705_3": 0.0, "13_03_705_3": 0.0, "14_:_705_3": 2.0, "15_23/2/17_705_3": 0.14285714285714285, "16_Ticket_705_3": 0.0, "17_1-01605_705_3": 0.0, "18_Dt_705_3": 0.5, "19_14h47_705_3": 0.0, "20_20,00%_705_3": 0.0, "21_8,08_705_3": 0.0, "22_1,62_705_3": 0.25, "23_9,70_705_3": 0.0, "24_5,50%_705_3": 0.0, "25_57,12_705_3": 0.4, "26_3,14_705_3": 0.0, "27_60,26_705_3": 0.0, "28_Taux_705_3": 0.0, "29_Mt_705_3": 0.0, "30_HT_705_3": 0.0, "31_T.V.A_705_3": 0.0, "32_Mt_705_3": 0.0, "33_TTC_705_3": 0.0, "34_CARTE_705_3": 0.0, "35_CREDIT_705_3": 0.0, "36_69,96\u20ac_705_3": 0.3333333333333333, "37_Euro_705_3": 0.25, "0_VOUS_571_2": 0.75, "1_REMERCIE_571_2": 0.0, "2_DE_571_2": 0.0, "3_VOTRE_571_2": 0.0, "4_VISITE_571_2": 0.0, "5_TOUTE_571_2": 0.0, "6_L'EQUIPE_571_2": 0.0, "7_DE_571_2": 0.0, "8_MARKET_571_2": 0.0, "9_0101_571_2": 0.0, "10_18/02/2017_571_2": 0.0, "11_007_571_2": 0.0, "12_000091_571_2": 0.0, "13_12:12:12_571_2": 0.0, "14_(*)_571_2": 0.0, "15_Eligibles_571_2": 0.0, "16_Articles_571_2": 0.0, "17_aux_571_2": 0.0, "18_TR_571_2": 0.0, "19_8.85\u20ac_571_2": 0.4, "20_Carte_571_2": 0.0, "21_:_571_2": 1.0, "22_Votre_571_2": 0.0, "23_Monnaie_571_2": 0.0, "24_-0.50\u20ac_571_2": 0.5, "0_1003_766_2": 0.0, "1_7427_766_2": 0.5, "2_6001_766_2": 0.5, "3_3400_766_2": 0.25, "4_11_766_2": 0.5, "5_:_766_2": 1.0, "6_A_766_2": 0.0, "7_374271_766_2": 0.16666666666666666, "8_18:01:55_766_2": 0.875, "9_TICKET_766_2": 0.0, "10_14/01/2017_766_2": 0.0, "11_:_766_2": 1.0, "12_CAISSE_766_2": 0.0, "13_149_766_2": 0.0, "14_LE_766_2": 0.0, "15_:_766_2": 1.0, "16_Nombre_766_2": 0.0, "17_retours_766_2": 0.0, "18_0_766_2": 0.0, "19_de_766_2": 0.0, "20_:_766_2": 1.0, "21_Nombre_766_2": 0.0, "22_d'articles_766_2": 0.0, "23_4_766_2": 0.0, "24_20,00_766_2": 0.0, "25_22,68_766_2": 0.0, "26_4,54_766_2": 0.0, "27_27,22_766_2": 0.0, "28_02_766_2": 0.0, "29_CODE_766_2": 0.0, "30_HT_766_2": 0.0, "31_TVA_766_2": 0.0, "32_TTC_766_2": 0.0, "33_TAUX_766_2": 0.0, "34_DETAIL_766_2": 0.0, "35_TVA_766_2": 1.0, "0_ _receipt_00205_0": 5.0, "0_VOTRE_625_2": 0.0, "1_NOUVEAU_625_2": 0.0, "2_SOLDE_625_2": 0.0, "3_CARTE_625_2": 0.0, "4_U_625_2": 1.0, "5_6,79_625_2": 0.5, "6_\u20ac_625_2": 0.0, "7_CARTE_625_2": 0.0, "8_OBTENUS_625_2": 0.0, "9_U_625_2": 2.0, "10_0,20_625_2": 0.25, "11_\u20ac_625_2": 2.0, "12_VOTRE_625_2": 0.0, "13_SOLDE_625_2": 0.0, "14_CARTE_625_2": 0.0, "15_U_625_2": 1.0, "16_PRECEDENT_625_2": 0.0, "17_6,59_625_2": 0.25, "18_C_625_2": 1.0, "19_\u20ac_625_2": 1.0, "20_46,44_625_2": 0.0, "21_MONTANT_625_2": 0.14285714285714285, "22_ACHATS_625_2": 0.0, "23_\u20ac_625_2": 0.0, "24_0,10_625_2": 0.25, "25_GRACE_625_2": 0.0, "26_A_625_2": 1.0, "27_VOTRE_625_2": 0.0, "28_AVANTAGE_625_2": 0.25, "29_0,10_625_2": 0.25, "30_\u20ac_625_2": 0.0, "31_PANIER_625_2": 0.16666666666666666, "32_\u20ac_625_2": 0.0, "33_1_625_2": 0.0, "34_0,10_625_2": 0.25, "35_GRACE_625_2": 0.2, "36_A_625_2": 2.0, "37_VOTRE_625_2": 0.0, "38_AVANTAGE_625_2": 0.125, "39_0,10_625_2": 0.25, "40_\u20ac_625_2": 0.0, "41_VISITE_625_2": 0.0, "42_\u20ac_625_2": 1.0, "43_VOS_625_2": 1.0, "44_CARTE_625_2": 0.0, "45_U_625_2": 1.0, "46_ACHAT_625_2": 0.0, "47_CARTE_625_2": 0.0, "48_No_625_2": 0.0, "49_8939XXXXX26753_625_2": 0.07142857142857142, "50_CODE_625_2": 0.0, "51_MAGASIN_625_2": 0.2857142857142857, "52_90130_625_2": 0.0, "53_AVANTAGES_625_2": 0.2222222222222222, "54_CARTE_625_2": 0.0, "55_U_625_2": 2.0, "56_13_625_2": 0.0, "57_/_625_2": 0.0, "58_Taux_625_2": 0.0, "59_Normal_625_2": 0.3333333333333333, "60_20%_625_2": 0.0, "61_0,79_625_2": 0.75, "62_\u20ac_625_2": 0.0, "63_Taux_625_2": 0.25, "64_Reduit_625_2": 0.0, "65_11_625_2": 1.0, "66_5,5%_625_2": 0.25, "67_2,17_625_2": 0.5, "68_\u20ac_625_2": 1.0, "0_ARTICLE(S)_572_1": 0.0, "1_TOTAL_572_1": 0.0, "2_AVAHT_572_1": 0.2, "3_REMISES_572_1": 0.14285714285714285, "4_14.63\u20ac_572_1": 0.3333333333333333, "5_Sous-TOTAL_572_1": 0.0, "6_14.63\u20ac_572_1": 0.3333333333333333, "7_TOTAL_572_1": 0.2, "8_ALINENTAIRE_572_1": 0.09090909090909091, "9_14.63\u20ac_572_1": 0.3333333333333333, "10_*JAMBONNEAU_572_1": 0.18181818181818182, "11_1/2_572_1": 0.3333333333333333, "12_2.83\u20ac_572_1": 0.4, "13_*BRK_572_1": 0.25, "14_1L_572_1": 1.0, "15_LAIT_572_1": 0.25, "16_UHT_572_1": 0.0, "17_PL_572_1": 0.0, "18_0.76\u20ac_572_1": 0.4, "19_0.785kg_572_1": 0.14285714285714285, "20_x_572_1": 1.0, "21_1.79\u20ac/kg_572_1": 0.375, "22_*BANANES_572_1": 0.0, "23_1.41\u20ac_572_1": 0.4, "24_6X2BAR.BUENO_572_1": 0.25, "25_WHITE_572_1": 0.0, "26_3.59\u20ac_572_1": 0.4, "27_OEUFS_572_1": 0.2, "28_PLEIN_572_1": 0.4, "29_AIR_572_1": 0.3333333333333333, "30_1.60\u20ac_572_1": 0.4, "31_*4T_572_1": 1.0, "32_JAMB_572_1": 0.5, "33_SUP.TSR_572_1": 0.0, "34_2.29\u20ac_572_1": 0.4, "35_BATONN.SURIMI_572_1": 0.15384615384615385, "36_*300G_572_1": 0.2, "37_2.15e_572_1": 0.4, "0_DEBIT_receipt_00425_1": 0.0, "1_BCA :_receipt_00425_1": 0.2, "2_135,000_receipt_00425_1": 0.0, "3_Total._receipt_00425_1": 0.16666666666666666, "4_135,000_receipt_00425_1": 0.0, "5_Rounding_receipt_00425_1": 0.0, "6_Before_receipt_00425_1": 0.0, "7_-3_receipt_00425_1": 1.0, "8_Rounding_receipt_00425_1": 0.0, "9_135,003_receipt_00425_1": 0.0, "10_VAT_receipt_00425_1": 0.0, "11_10%_receipt_00425_1": 0.0, "12_12,273_receipt_00425_1": 0.0, "13_ITEMS_receipt_00425_1": 0.0, "14_5_receipt_00425_1": 2.0, "15_122,730_receipt_00425_1": 0.0, "16_1_receipt_00425_1": 0.0, "17_NASI_receipt_00425_1": 0.0, "18_GORENG_receipt_00425_1": 0.0, "19_SPC_receipt_00425_1": 0.0, "20_30,001_receipt_00425_1": 0.0, "21_1_receipt_00425_1": 0.0, "22_NS+AYAM_receipt_00425_1": 0.0, "23_GR_receipt_00425_1": 0.0, "24_TPG_receipt_00425_1": 0.0, "25_37,273_receipt_00425_1": 0.16666666666666666, "26_1_receipt_00425_1": 0.0, "27_NS_receipt_00425_1": 0.0, "28_FILET_receipt_00425_1": 0.0, "29_IKN_receipt_00425_1": 0.0, "30_ASM_receipt_00425_1": 0.0, "31_MNS_receipt_00425_1": 0.0, "32_40,910_receipt_00425_1": 0.0, "33_2_receipt_00425_1": 0.0, "34_ES_receipt_00425_1": 0.0, "35_TEH_receipt_00425_1": 0.0, "36_MANIS_receipt_00425_1": 0.0, "37_14,546_receipt_00425_1": 0.0, "0_1x_receipt_00162_1": 0.5, "1_28.000_receipt_00162_1": 0.0, "2_Almond_receipt_00162_1": 0.0, "3_Croissant_receipt_00162_1": 0.0, "4_4pm)_receipt_00162_1": 0.0, "5_(30%)_receipt_00162_1": 0.0, "6_After_receipt_00162_1": 0.0, "7_(4.200)_receipt_00162_1": 0.0, "8_Afternoon_receipt_00162_1": 0.0, "9_(_receipt_00162_1": 0.0, "10_Discount_receipt_00162_1": 0.0, "11_1x_receipt_00162_1": 0.5, "12_14.000_receipt_00162_1": 0.0, "13_14.000_receipt_00162_1": 0.0, "14_Butter_receipt_00162_1": 0.0, "15_croissant_receipt_00162_1": 0.0, "0_8,000_receipt_00226_0": 0.2, "1_2X_receipt_00226_0": 0.5, "2_SBL_receipt_00226_0": 0.0, "3_17,000_receipt_00226_0": 0.0, "4_GR_receipt_00226_0": 0.0, "5_TERI_receipt_00226_0": 0.25, "6_23,000_receipt_00226_0": 0.16666666666666666, "7_DENDENG_receipt_00226_0": 0.14285714285714285, "8_26,000_receipt_00226_0": 0.0, "9_PKT_receipt_00226_0": 0.0, "0_A_78_1": 0.0, "1_BIENTOT_78_1": 0.0, "2_MERCI_78_1": 0.0, "3_DE_78_1": 0.0, "4_VOTRE_78_1": 0.0, "5_VISITE_78_1": 0.0, "6_0100_78_1": 0.0, "7_004_78_1": 0.0, "8_000048_78_1": 0.0, "9_20/12/2016_78_1": 0.1, "10_11:54:23_78_1": 0.0, "11_CB_78_1": 0.5, "12_EMV_78_1": 0.3333333333333333, "13_SANS_78_1": 0.0, "14_EUR_78_1": 0.0, "15_CONTACT_78_1": 0.0, "16_9.41\u20ac_78_1": 0.4, "17_(S)_78_1": 0.6666666666666666, "18_9.41\u20ac_78_1": 0.2, "19_3_78_1": 0.0, "20_ARTICLE_78_1": 0.0, "21_TOTAL_78_1": 0.0, "22_A_78_1": 1.0, "23_PAYER_78_1": 0.0, "24_*VACHE_78_1": 0.5, "25_A_78_1": 2.0, "26_BOIRE_78_1": 0.0, "27_YRT_78_1": 0.0, "28_1.92\u20ac_78_1": 0.4, "29_5.34\u20ac_78_1": 0.6, "30_*300G_78_1": 0.4, "31_POULET_78_1": 0.0, "32_KORHA_78_1": 0.0, "33_3.15\u20ac_78_1": 0.4, "0_ _receipt_00646_1": 1.0, "0_Carte_573_1": 0.0, "1_:_573_1": 2.0, "2_Votre_573_1": 0.0, "3_Monnaie_573_1": 0.0, "4_-0.17\u20ac_573_1": 0.3333333333333333, "5_ESPECES_573_1": 0.0, "6_EUR_573_1": 0.0, "7_2.50\u20ac_573_1": 0.4, "8_2_573_1": 0.0, "9_ARTICLE_573_1": 0.0, "10_(S)_573_1": 0.6666666666666666, "11_TOTAL_573_1": 0.0, "12_A_573_1": 0.0, "13_PAYER_573_1": 0.0, "14_2.33\u20ac_573_1": 0.4, "15_TOTAL_573_1": 0.0, "16_ALIMENTAIRE_573_1": 0.2727272727272727, "17_2.33\u20ac_573_1": 0.4, "18_*BAGUETTE_573_1": 0.1111111111111111, "19_250_573_1": 0.0, "20_0.55\u20ac_573_1": 0.4, "21_400G_573_1": 0.25, "22_CROISSANTS_573_1": 0.0, "23_CR_573_1": 0.0, "24_1.78\u20ac_573_1": 0.4, "0_CHANGED_receipt_00067_1": 0.0, "1_0_receipt_00067_1": 1.0, "2_CASH_receipt_00067_1": 1.0, "3_65.000_receipt_00067_1": 0.0, "4_TOTAL_receipt_00067_1": 0.0, "5_65.000_receipt_00067_1": 0.5, "6_Popcorn_receipt_00067_1": 0.0, "7_1_receipt_00067_1": 0.0, "8_Salt_receipt_00067_1": 0.75, "9_Bucket_receipt_00067_1": 0.3333333333333333, "10_65.000_receipt_00067_1": 0.0, "0_Article(+)_805_2": 0.0, "1_3_805_2": 1.0, "2_3_805_2": 0.0, "3_:_805_2": 1.0, "4_Total_805_2": 0.0, "5_HT_805_2": 0.0, "6_8,70_805_2": 0.25, "7_\u20ac_805_2": 0.0, "8_:_805_2": 1.0, "9_Total_805_2": 0.0, "10_TVA_805_2": 0.0, "11_0,47_805_2": 0.25, "12_\u20ac_805_2": 0.0, "13_5,_805_2": 0.5, "14_0,47_805_2": 0.5, "15_Dont_805_2": 0.25, "16_TVA_805_2": 0.6666666666666666, "17_50_805_2": 0.0, "18_%:_805_2": 1.0, "19_6_805_2": 1.0, "0_0_777_4": 0.0, "1_2_777_4": 0.0, "2_3_777_4": 1.0, "3_3001_777_4": 0.0, "4_9_777_4": 1.0, "5_5_777_4": 1.0, "6_www.hm._777_4": 0.5714285714285714, "7_com_777_4": 0.3333333333333333, "8_!_777_4": 1.0, "9_sur_777_4": 0.0, "10_notre_777_4": 0.0, "11_si_777_4": 1.0, "12_te_777_4": 0.0, "13_Continuez_777_4": 0.0, "14_shopping_777_4": 0.0, "15_votre_777_4": 0.0, "16_24H_777_4": 0.3333333333333333, "17_sur_777_4": 0.0, "18_24H_777_4": 0.3333333333333333, "19_ticket_777_4": 0.0, "20_de_777_4": 0.0, "21_cai_777_4": 0.0, "22_sse._777_4": 0.25, "23_AUCUN_777_4": 0.0, "24_REMBOURSEMENT_777_4": 0.0, "25_EN_777_4": 0.0, "26_ESPECE._777_4": 0.0, "27_la_777_4": 0.5, "28_de_777_4": 0.0, "29_date_777_4": 0.0, "30_achat,_777_4": 0.16666666666666666, "31_presentation_777_4": 0.0, "32_d'_777_4": 0.5, "33_sur_777_4": 0.0, "34_du_777_4": 0.0, "0_A_535_2": 0.0, "1_BIENTOT_535_2": 0.0, "2_MERCI_535_2": 0.0, "3_DE_535_2": 0.0, "4_VOTRE_535_2": 0.0, "5_VISITE_535_2": 0.0, "6_0001_535_2": 0.0, "7_005_535_2": 0.0, "8_000117_535_2": 0.0, "9_06/04/2017_535_2": 0.0, "10_12:46:56_535_2": 0.0, "0_ _receipt_00123_0": 3.0, "0_4,000_receipt_00496_1": 0.2, "1_Cash_receipt_00496_1": 0.0, "2_56,000_receipt_00496_1": 0.16666666666666666, "3_Tatal._receipt_00496_1": 0.3333333333333333, "4_56,000_receipt_00496_1": 0.0, "5_ITEMS:_receipt_00496_1": 0.0, "6_3_receipt_00496_1": 1.0, "7_1_receipt_00496_1": 1.0, "8_Teh Pucuk_receipt_00496_1": 0.0, "9_350 ml_receipt_00496_1": 0.3333333333333333, "10_600_receipt_00496_1": 0.0, "11_1_receipt_00496_1": 2.0, "12_ml_receipt_00496_1": 1.0, "13_8,000_receipt_00496_1": 0.4, "14_- Pedas_receipt_00496_1": 0.0, "15_1_receipt_00496_1": 1.0, "16_0_receipt_00496_1": 1.0, "17_BBQ_receipt_00496_1": 0.0, "18_Chicken_receipt_00496_1": 0.0, "19_1_receipt_00496_1": 3.0, "0_MERCI_464_1": 0.0, "1_DE_464_1": 0.0, "2_VOTRE_464_1": 0.0, "3_VISITE_464_1": 0.0, "4_0010_464_1": 1.0, "5_003_464_1": 0.0, "6_000022_464_1": 0.0, "7_02/03/2017_464_1": 0.0, "8_11:35:53_464_1": 0.0, "9_CARTE_464_1": 0.0, "10_BANCAIRE_464_1": 0.0, "11_EMV_464_1": 0.6666666666666666, "12_EUR_464_1": 0.0, "13_6.87\u20ac_464_1": 0.4, "14_(S)_464_1": 1.0, "15_3_464_1": 1.0, "16_AITICLE_464_1": 0.14285714285714285, "17_TOTAL_464_1": 0.0, "18_A_464_1": 0.0, "19_PAYER_464_1": 0.0, "20_6.87\u20ac_464_1": 0.6, "21_*PAIN_464_1": 0.8, "22_1OLLKORNBROT_464_1": 0.16666666666666666, "23_2.11\u20ac_464_1": 0.4, "24_*300G_464_1": 0.4, "25_OULET_464_1": 0.0, "26_TIKKA_464_1": 0.2, "27_3.15\u20ac_464_1": 0.4, "28_*2X1251_464_1": 0.14285714285714285, "29_YRT_464_1": 0.3333333333333333, "30_BREBIS_464_1": 0.0, "31_1.61\u20ac_464_1": 0.4, "0_CG_receipt_00482_1": 1.0, "1_8,000_receipt_00482_1": 0.0, "2_CASH_receipt_00482_1": 0.0, "3_50,000_receipt_00482_1": 0.16666666666666666, "4_TL_receipt_00482_1": 1.0, "5_ICE_receipt_00482_1": 0.3333333333333333, "6_GREENTEA_receipt_00482_1": 0.0, "7_22,000_receipt_00482_1": 0.0, "0_AMBUSH_receipt_00344_0": 0.8333333333333334, "1_CHS_receipt_00344_0": 0.6666666666666666, "2_2_receipt_00344_0": 2.0, "3_BURGER_receipt_00344_0": 0.3333333333333333, "4_22,000.00_receipt_00344_0": 1.0, "5_AMBUSH_receipt_00344_0": 1.0, "6_DBL_receipt_00344_0": 1.0, "7_CHS_receipt_00344_0": 0.6666666666666666, "8_BURG_receipt_00344_0": 1.0, "9_6_receipt_00344_0": 1.0, "10_99,000.00_receipt_00344_0": 1.0, "0_BIENTOT_537_2": 0.0, "1_A_537_2": 0.0, "2_VOTRE_537_2": 0.0, "3_VISITE_537_2": 0.0, "4_MERCI_537_2": 0.0, "5_DE_537_2": 0.0, "6_03/04/2017_537_2": 0.0, "7_12:02:30_537_2": 0.0, "8_000045_537_2": 0.0, "9_005_537_2": 0.3333333333333333, "10_0001_537_2": 1.0, "11_:_537_2": 1.0, "12_Carte_537_2": 0.0, "0_:_388_0": 2.0, "1_Tel_388_0": 0.0, "2_ROCHELLE_388_0": 0.0, "3_17000_388_0": 0.0, "4_LA_388_0": 1.0, "5_SCIERIE_388_0": 0.0, "6_DE_388_0": 0.0, "7_LA_388_0": 2.0, "8_33_388_0": 1.5, "9_RUE_388_0": 0.0, "10_ROCHELLE_388_0": 0.0, "11_CRF-CITY_388_0": 0.0, "12_LA_388_0": 0.0, "0_140_692_0": 0.0, "1_NJ_692_0": 1.0, "2_24/02/17_692_0": 0.125, "3_17:05_692_0": 0.2, "4_15_692_0": 0.5, "5_271855_692_0": 0.16666666666666666, "6_Operateur_692_0": 0.1111111111111111, "7_Date_692_0": 0.0, "8_Heure_692_0": 0.0, "9_TPV_692_0": 1.0, "10_Ticket_692_0": 0.0, "11_:_692_0": 2.0, "12_Tel_692_0": 0.0, "13_05_692_0": 0.0, "14_46_692_0": 1.0, "15_93_692_0": 1.0, "16_32_692_0": 1.0, "17_70_692_0": 1.0, "18_17102_692_0": 0.0, "19_Saintes_692_0": 0.0, "20_Cours_692_0": 1.0, "21_Marechal_692_0": 0.125, "22_Leclerc_692_0": 0.0, "23_/_692_0": 1.0, "24_8P_692_0": 1.0, "25_56_692_0": 0.0, "26_Saintes_692_0": 0.0, "27_Coop_692_0": 0.0, "28_Atlantique_692_0": 0.0, "0_Change_receipt_00520_1": 0.0, "1_Due_receipt_00520_1": 0.3333333333333333, "2_9.000_receipt_00520_1": 0.0, "3_Cash_receipt_00520_1": 0.25, "4_32.000_receipt_00520_1": 0.16666666666666666, "5_TOTAL_receipt_00520_1": 0.0, "6_23.000_receipt_00520_1": 0.16666666666666666, "7_Subtotal_receipt_00520_1": 0.0, "8_23.000_receipt_00520_1": 0.0, "9_Lychee_receipt_00520_1": 0.0, "10_1_receipt_00520_1": 1.0, "11_Tea_receipt_00520_1": 0.0, "12_15.000_receipt_00520_1": 0.0, "13_t1)_receipt_00520_1": 0.3333333333333333, "14_1_receipt_00520_1": 1.0, "15_Premier_receipt_00520_1": 0.2857142857142857, "16_Mineral_receipt_00520_1": 0.14285714285714285, "17_(L_receipt_00520_1": 1.0, "18_Water_receipt_00520_1": 0.4, "19_8.000_receipt_00520_1": 0.0, "0_33,000_receipt_00229_1": 0.0, "1_CASH_receipt_00229_1": 0.0, "2_33,000_receipt_00229_1": 0.0, "3_TOTAL_receipt_00229_1": 0.0, "4_3,000_receipt_00229_1": 0.0, "5_10%_receipt_00229_1": 0.0, "6_TAX_receipt_00229_1": 0.0, "7_30,000_receipt_00229_1": 0.0, "8_ITEMS_receipt_00229_1": 0.0, "9_1.00_receipt_00229_1": 0.0, "10_30,000_receipt_00229_1": 0.0, "11_UDANG_receipt_00229_1": 0.0, "12_SPC_receipt_00229_1": 0.0, "13_GR_receipt_00229_1": 0.0, "14_SBL_receipt_00229_1": 0.0, "0_-_682_4": 1.0, "1_jeudi_682_4": 0.0, "2_Du_682_4": 1.0, "3_lundi_682_4": 0.6, "4_au_682_4": 0.0, "5_9h_682_4": 0.0, "6_20h_682_4": 0.0, "7_03/02/17_682_4": 0.0, "8_129_682_4": 0.3333333333333333, "9_LC_682_4": 0.5, "10_20:19_682_4": 0.2, "11_16_682_4": 0.0, "12_281069_682_4": 0.16666666666666666, "13_Operateur_682_4": 0.0, "14_Date_682_4": 0.0, "15_Heure_682_4": 0.0, "16_TPV_682_4": 0.6666666666666666, "17_Ticket_682_4": 0.0, "18_(loir_682_4": 0.2, "19_conditions_682_4": 1.0, "20_a_682_4": 1.0, "21_l'accueil_682_4": 0.2222222222222222, "22_du_682_4": 1.0, "23_nagasin)_682_4": 0.5, "24_ET_682_4": 1.0, "25_LINGERIE_682_4": 0.0, "26_NUIT_682_4": 0.5, "27_FENNE_682_4": 0.2, "28_AUX_682_4": 0.6666666666666666, "29_RAYONS_682_4": 0.0, "30_SOUS_682_4": 1.0, "31_VETENENTS_682_4": 0.2222222222222222, "32_25_682_4": 1.0, "33_%_682_4": 1.0, "34_OFFERTS_682_4": 0.0, "35_EN_682_4": 0.0, "36_EUROS_682_4": 0.0, "37_CARTE_682_4": 0.0, "38_U_682_4": 1.0, "39_CARTE_682_4": 0.0, "40_U_682_4": 1.0, "41_DU_682_4": 1.0, "42_7_682_4": 0.0, "43_AU_682_4": 0.5, "44_14_682_4": 1.0, "45_FEVRIER_682_4": 0.14285714285714285, "46_0,20_682_4": 0.25, "47_\u20ac_682_4": 0.0, "48_AVEC_682_4": 0.5, "49_LA_682_4": 1.5, "50_CARTE_682_4": 0.0, "51_U_682_4": 1.0, "52_VOUS_682_4": 1.0, "53_AURIEZ_682_4": 0.16666666666666666, "54_OBTENU_682_4": 0.0, "55_13_682_4": 0.5, "56_Taux_682_4": 0.25, "57_Normal_682_4": 0.16666666666666666, "58_20%_682_4": 0.0, "59_0,48_682_4": 0.25, "60_=_682_4": 0.0, "61_\u20ac_682_4": 0.0, "0_ _receipt_00745_0": 2.0, "0_ _receipt_00747_0": 2.0, "0_MONTANT_503_0": 0.14285714285714285, "1_QTE_503_0": 1.0, "2_DESCRIPTION_503_0": 0.0, "3_Aytre._503_0": 0.16666666666666666, "4_Gargot_503_0": 0.0, "5_17440_503_0": 0.0, "6_Nicolas_503_0": 0.0, "7_Rue_503_0": 0.0, "8_12h30_503_0": 0.0, "9_Dimanche_503_0": 0.0, "10_9h_503_0": 0.5, "11_a_503_0": 0.0, "12_20h00_503_0": 0.0, "13_Samedi_503_0": 0.0, "14_a_503_0": 0.0, "15_de_503_0": 0.0, "16_9h_503_0": 0.5, "17_Lundi_503_0": 0.0, "18_au_503_0": 0.0, "19_:_503_0": 1.0, "20_0546457320_503_0": 0.0, "21_Tel_503_0": 0.0, "22_market_503_0": 0.0, "23_AYTRE_503_0": 0.0, "24_Carrefour_503_0": 0.0, "0_000315_66_2": 0.0, "1_12/01/2016_66_2": 0.1, "2_0007_66_2": 0.0, "3_004_66_2": 0.0, "4_17:42:38_66_2": 0.0, "5_-0.54\u20ac_66_2": 0.3333333333333333, "6_Votre_66_2": 0.0, "7_Monnaie_66_2": 0.0, "8_EUR_66_2": 0.0, "9_ESPECES_66_2": 0.0, "10_20.00\u20ac_66_2": 0.3333333333333333, "11_195c_66_2": 1.25, "12_(S)_66_2": 1.0, "13_TOTAL_66_2": 0.0, "14_A_66_2": 0.0, "15_PAYER_66_2": 0.0, "16_16_66_2": 0.0, "17_ARTICLE_66_2": 0.0, "18_RAVIOLI_66_2": 0.14285714285714285, "19_4FROMAGES_66_2": 0.0, "20_1.71\u20ac_66_2": 0.4, "21_0.58_66_2": 0.5, "22_1.16\u20ac_66_2": 0.4, "23_MIN._66_2": 0.25, "24_2x_66_2": 0.5, "25_PET_66_2": 0.0, "26_1.5L_66_2": 0.25, "27_EAU_66_2": 1.0, "28_0.6450kg_66_2": 0.125, "29_1.50\u20ac/kg_66_2": 0.25, "30_x_66_2": 1.0, "31_0.97\u20ac_66_2": 0.4, "32_PDT_66_2": 0.0, "33_GROSSE_66_2": 0.0, "34_KG_66_2": 0.5, "35_0.75\u20ac_66_2": 0.4, "36_PATE_66_2": 0.0, "37_BRISEE_66_2": 0.0, "38_ETALEE_66_2": 0.0, "0_A_125_1": 0.0, "1_BIENTOT_125_1": 0.0, "2_MERCI_125_1": 0.0, "3_DE_125_1": 0.0, "4_VOTRE_125_1": 0.0, "5_VISITE_125_1": 0.0, "6_0001_125_1": 0.0, "7_004_125_1": 1.0, "8_000292_125_1": 0.0, "9_05/01/2016_125_1": 0.0, "10_18:19:38_125_1": 0.0, "11_CARTE_125_1": 0.0, "12_BANCAIRE_125_1": 0.0, "13_EMV_125_1": 0.3333333333333333, "14_EUR_125_1": 0.0, "15_6.84\u20ac_125_1": 0.4, "16_3_125_1": 0.0, "17_ARTICLE_125_1": 0.0, "18_(S)_125_1": 1.0, "19_TOTAL_125_1": 0.2, "20_A_125_1": 0.0, "21_PAYER_125_1": 0.0, "22_6.84_125_1": 1.0, "23_HIXA_125_1": 0.0, "24_CREME_125_1": 0.0, "25_EPS_125_1": 0.0, "26_VIS_125_1": 1.0, "27_4.83\u20ac_125_1": 1.0, "28_BAGUETTE_125_1": 0.0, "29_250G_125_1": 0.25, "30_0_125_1": 1.0, "31_846_125_1": 1.0, "32_5006_125_1": 0.0, "33_PAIN_125_1": 0.5, "34_DE_125_1": 1.0, "35_MIE_125_1": 0.3333333333333333, "36_1.17\u20ac_125_1": 1.0, "0_BIENTOT_629_1": 0.0, "1_HERCI_629_1": 0.4, "2_DE_629_1": 1.5, "3_VOTRE_629_1": 0.0, "4_VISITE_629_1": 0.0, "5_22/06/17_629_1": 0.125, "6_672902_629_1": 0.16666666666666666, "7_224_629_1": 0.3333333333333333, "8_CD_629_1": 1.0, "9_16:43_629_1": 0.0, "10_Operateur_629_1": 0.0, "11_Heure_629_1": 0.0, "12_Date_629_1": 0.0, "13_Ticket_629_1": 0.0, "14_TPV_629_1": 1.0, "15_0,10_629_1": 0.25, "16_CARTE_629_1": 0.0, "17_AVEC_629_1": 0.5, "18_LA_629_1": 1.0, "19_U_629_1": 1.0, "20_VOUS_629_1": 1.0, "21_AURIEZ_629_1": 0.16666666666666666, "22_OBTENU_629_1": 0.0, "23_/_629_1": 1.0, "24_0,55_629_1": 0.5, "25_11_629_1": 0.5, "26_Taux_629_1": 0.0, "27_Reduit_629_1": 0.0, "28_5,5%_629_1": 0.25, "29_=_629_1": 1.0, "30_40.10_629_1": 0.0, "31_Rendu_629_1": 0.0, "32_ESPECES_629_1": 0.0, "33_ESPECES_629_1": 0.0, "34_50,70_629_1": 0.2, "35_TOTAL_629_1": 0.0, "36_5_629_1": 0.0, "37_Article(s)_629_1": 0.0, "38_10,60_629_1": 0.2, "39_x_629_1": 4.0, "40_2_629_1": 0.0, "41_0,99_629_1": 0.5, "42_1,98_629_1": 0.25, "43_GALETTES_629_1": 0.0, "44_4CER.RIZ_629_1": 0.125, "45_C.U_629_1": 1.0, "46_BIO_629_1": 0.0, "47_1306_629_1": 0.25, "48_POTAG.1L_629_1": 0.125, "49_2,55_629_1": 0.5, "50_HOUL_629_1": 1.0, "51_IN.LEG.PRINT.BIO_629_1": 0.1875, "52_e_629_1": 1.0, "0_Caisim_receipt_00294_0": 0.16666666666666666, "1_Kecil_receipt_00294_0": 0.0, "2_1_receipt_00294_0": 0.0, "3_7.000_receipt_00294_0": 0.0, "4_Kuping_receipt_00294_0": 0.0, "5_Jamur_receipt_00294_0": 0.2, "6_1_receipt_00294_0": 0.0, "7_8.000_receipt_00294_0": 0.0, "8_Dumpling_receipt_00294_0": 0.0, "9_1_receipt_00294_0": 0.0, "10_9.000_receipt_00294_0": 0.0, "0_CHANGE_receipt_00672_1": 0.16666666666666666, "1_30.000_receipt_00672_1": 0.0, "2_CASH_receipt_00672_1": 0.0, "3_50.000_receipt_00672_1": 0.0, "4_TOTAL_receipt_00672_1": 0.6, "5_ICED_receipt_00672_1": 0.0, "6_TT_receipt_00672_1": 1.5, "7_20.000_receipt_00672_1": 0.3333333333333333, "0_RM_X51005301659_0": 0.0, "1_Code_X51005301659_0": 0.0, "2_Cashier#:_X51005301659_0": 0.1111111111111111, "3_CASHIER_X51005301659_0": 0.0, "4_22/12/2017_X51005301659_0": 0.0, "5_14:03_X51005301659_0": 0.0, "6_Date_X51005301659_0": 0.0, "7_:_X51005301659_0": 1.0, "8_CS67832_X51005301659_0": 0.2857142857142857, "9_No.:_X51005301659_0": 0.25, "10_Involce_X51005301659_0": 0.14285714285714285, "11_TAX_X51005301659_0": 0.0, "12_INVOICE_X51005301659_0": 0.2857142857142857, "13_Reg_X51005301659_0": 0.0, "14_:001637511168_X51005301659_0": 0.07692307692307693, "15_No._X51005301659_0": 0.0, "16_GST_X51005301659_0": 0.0, "17_Company_X51005301659_0": 0.0, "18_Reg_X51005301659_0": 0.0, "19_SA03711551-P_X51005301659_0": 0.25, "20_No._X51005301659_0": 0.0, "21_SELANGOR._X51005301659_0": 0.0, "22_ALAM,_X51005301659_0": 0.0, "23_SETIA_X51005301659_0": 0.0, "24_BANDAR_X51005301659_0": 0.16666666666666666, "25_40170_X51005301659_0": 0.0, "26_ALAM,_X51005301659_0": 0.0, "27_SETIA_X51005301659_0": 0.0, "28_BANDAR_X51005301659_0": 0.0, "29_U13/EG_X51005301659_0": 0.6666666666666666, "30_SETIA_X51005301659_0": 0.0, "31_GEMEILANG_X51005301659_0": 0.0, "32_115G,_X51005301659_0": 0.0, "33_JALAN_X51005301659_0": 0.0, "34_NO.113G_X51005301659_0": 0.14285714285714285, "35_&_X51005301659_0": 0.0, "36_ELECTRICAL_X51005301659_0": 0.0, "37_HARDWARE_X51005301659_0": 0.0, "38_&_X51005301659_0": 1.0, "39_MASTER_X51005301659_0": 0.0, "40_HOME_X51005301659_0": 0.0, "0_exprimes_749_1": 0.125, "1_euros_749_1": 0.0, "2_Mont_749_1": 0.0, "3_ant_749_1": 0.0, "4_s_749_1": 1.0, "5_en_749_1": 0.0, "6_Cle_749_1": 0.0, "7_4-Serv.:_749_1": 0.25, "8_4-CAISSE_749_1": 0.0, "9_40-NOTE_749_1": 0.14285714285714285, "10_000120/1_749_1": 0.25, "11_LUNDI_749_1": 0.0, "12_06-06-2016_749_1": 0.0, "13_09:36:24_749_1": 0.125, "14_(A_749_1": 1.5, "15_EMPORTER)_749_1": 0.0, "16_PASSAGE_749_1": 0.0, "17_)_749_1": 0.0, "18_ESPECES_749_1": 0.0, "19_6.40_749_1": 0.0, "20_0.45_749_1": 0.0, "21_4.95_749_1": 0.0, "22_TUA_749_1": 0.3333333333333333, "23_10.00_749_1": 0.0, "24_%_749_1": 1.0, "25_4.50_749_1": 0.0, "26_1.37_749_1": 0.5, "27_0.08_749_1": 0.0, "28_1.45_749_1": 0.0, "29_TUA_749_1": 0.3333333333333333, "30_5.50%_749_1": 0.2, "31_TUA_749_1": 0.3333333333333333, "32_TTC_749_1": 0.0, "33_HT_749_1": 0.0, "34_6.40_749_1": 0.0, "0_ _receipt_00126_0": 2.0, "0_Total_receipt_00164_1": 0.0, "1_17,999_receipt_00164_1": 1.0, "2_Grand_receipt_00164_1": 0.4, "3_Pajak_receipt_00164_1": 0.4, "4_1,636_receipt_00164_1": 0.8, "5_Resto_receipt_00164_1": 0.4, "6_16,363_receipt_00164_1": 0.6666666666666666, "7_Sub_receipt_00164_1": 1.0, "8_Total_receipt_00164_1": 0.2, "9_1_receipt_00164_1": 2.0, "10_Jumlah_receipt_00164_1": 0.3333333333333333, "11_Item_receipt_00164_1": 0.75, "12_16,363_receipt_00164_1": 1.0, "13_16,363_receipt_00164_1": 0.16666666666666666, "14_1_receipt_00164_1": 1.0, "15_(L)_receipt_00164_1": 1.0, "16_TEA_receipt_00164_1": 1.0, "17_THAI_receipt_00164_1": 0.5, "18_ICED_receipt_00164_1": 0.5, "0_3256A_792_2": 0.4, "1_Code_792_2": 0.25, "2_barriere_792_2": 1.0, "3_produits_792_2": 1.0, "4_conditions_792_2": 0.0, "5_et_792_2": 0.0, "6_:_792_2": 1.0, "7_lidl.fr_792_2": 0.42857142857142855, "8_disponibles_792_2": 0.0, "9_detachees_792_2": 0.0, "10_Pieces_792_2": 0.0, "11_voir_792_2": 0.0, "12_conditions_792_2": 0.1, "13_magasins._792_2": 0.1111111111111111, "14_en_792_2": 0.0, "15_Retour_792_2": 0.0, "16_marchandises_792_2": 0.0, "17_pendant_792_2": 1.0, "18_un_792_2": 1.0, "19_mois_792_2": 0.25, "20_LIDL,_792_2": 0.0, "21_prix_792_2": 0.75, "22_vrai_792_2": 0.0, "23_le_792_2": 0.5, "24_des_792_2": 0.0, "25_choses_792_2": 0.0, "26_bonnes_792_2": 0.0, "27_MEILLEURS_792_2": 0.1111111111111111, "28_VOEUX_792_2": 0.0, "29_POUR_792_2": 1.0, "30_2019_792_2": 0.5, "0_A_465_1": 0.0, "1_BIENTOT_465_1": 0.0, "2_VOTRE_465_1": 0.0, "3_VISITE_465_1": 0.0, "4_MERCI_465_1": 0.0, "5_DE_465_1": 0.0, "6_02/03/2017_465_1": 0.1, "7_21:26:40_465_1": 0.0, "8_002_465_1": 0.0, "9_000375_465_1": 0.0, "10_0009_465_1": 0.25, "11_-0.12\u20ac_465_1": 0.5, "12_Votre_465_1": 0.0, "13_Monnaie_465_1": 0.0, "14_EUR_465_1": 0.0, "15_2.00\u20ac_465_1": 0.4, "16_ESPECES_465_1": 0.0, "17_1_465_1": 0.0, "18_TOTAL_465_1": 0.4, "19_PAYER_465_1": 0.0, "20_1.88\u20ac_465_1": 0.4, "21_ARTICLE_465_1": 0.0, "22_(S)_465_1": 0.6666666666666666, "23_A_465_1": 0.0, "24_1.88\u20ac_465_1": 0.4, "25_*SCHVEPPES_465_1": 0.3, "26_INDIAN_465_1": 0.5, "0_Es_receipt_00401_0": 0.0, "1_1_receipt_00401_0": 0.0, "2_Manis_receipt_00401_0": 0.2, "3_Teh_receipt_00401_0": 0.3333333333333333, "4_7.273_receipt_00401_0": 0.0, "5_1_receipt_00401_0": 2.0, "6_Campur_receipt_00401_0": 0.0, "7_Bakso_receipt_00401_0": 0.0, "8_25.455_receipt_00401_0": 0.3333333333333333, "0_32,99_723_1": 0.0, "1_16,49_723_1": 0.2, "2_SOLDES_723_1": 0.0, "3_pieds_723_1": 0.0, "4_913699225_723_1": 0.0, "5_018_723_1": 0.0, "6_4P-_723_1": 0.3333333333333333, "7_Nu_723_1": 0.5, "8_blanc_723_1": 0.2, "9_32,99_723_1": 0.2, "10_Economie_723_1": 0.0, "11_Club_723_1": 0.0, "12_38,99_723_1": 0.2, "13_Sandales_723_1": 0.125, "14_ouver_723_1": 0.0, "15_JG-_723_1": 0.3333333333333333, "16_024_723_1": 0.0, "17_913589373_723_1": 0.0, "18_OH2_723_1": 0.3333333333333333, "19_AC_723_1": 0.5, "20_CLUB_723_1": 0.75, "21_GLISS_723_1": 0.0, "22_JOURS_723_1": 0.0, "23_3081_723_1": 0.0, "24_ACHATS_723_1": 0.0, "25_vos_723_1": 0.0, "26_MAGASIN_723_1": 0.14285714285714285, "27_Boutique_723_1": 0.125, "28_de_723_1": 0.0, "29_ORLEANS_723_1": 0.2857142857142857, "0_ _receipt_00238_0": 3.0, "0_ _receipt_00622_0": 7.0, "0_032_738_2": 0.0, "1_000002339_738_2": 0.0, "2_28/10/2016_738_2": 0.0, "3_16:51_738_2": 0.0, "4_Oper._738_2": 0.6, "5_ID_738_2": 1.0, "6_Date_738_2": 0.0, "7_Heure_738_2": 0.0, "8_00003_738_2": 0.0, "9_0092451_738_2": 0.14285714285714285, "10_ART_738_2": 0.0, "11_magasin)_738_2": 0.0, "12_(voir_738_2": 0.2, "13_conditions_738_2": 0.0, "14_en_738_2": 0.0, "15_Echange_738_2": 0.0, "16_j_738_2": 1.0, "17_de_738_2": 0.0, "18_caisse_738_2": 0.0, "19_sous_738_2": 0.0, "20_15_738_2": 0.0, "21_avec_738_2": 0.25, "22_ticket_738_2": 0.16666666666666666, "0_A_242_3": 0.0, "1_BIENTOT_242_3": 0.0, "2_Vous_242_3": 0.0, "3_remercie_242_3": 0.0, "4_de_242_3": 0.0, "5_votre_242_3": 0.0, "6_visite_242_3": 0.0, "7_CARREFOUR_242_3": 0.0, "8_MARKET_242_3": 0.0, "9_AYTRE_242_3": 0.0, "10_02/01/2017_242_3": 0.0, "11_0107_242_3": 0.0, "12_003_242_3": 0.0, "13_000075_242_3": 0.0, "14_12:22:14_242_3": 0.0, "15_CARTE_242_3": 0.0, "16_BANCAIRE_242_3": 0.0, "17_EMV_242_3": 0.0, "18_EUR_242_3": 0.0, "19_40.42\u20ac_242_3": 0.3333333333333333, "0_5,5_678_1": 1.0, "1_\u20ac0,00_678_1": 0.2, "2_TVA_678_1": 0.0, "3_%_678_1": 0.0, "4_\u20ac0,00_678_1": 0.2, "5_TVA_678_1": 0.0, "6_20_678_1": 0.0, "7_%_678_1": 0.0, "8_\u20ac0,85_678_1": 0.2, "9_TVA_678_1": 0.0, "10_10_678_1": 0.0, "11_%_678_1": 0.0, "12_\u20ac9,40_678_1": 0.0, "13_Total_678_1": 0.2, "14_BACON_678_1": 0.0, "15_XXL_678_1": 0.0, "16_\u20ac6,20_678_1": 0.2, "17_DOUBLE_678_1": 0.0, "18_CHEESE_678_1": 0.0, "19_X-CREAM_678_1": 0.14285714285714285, "20_BOUNTY_678_1": 0.16666666666666666, "21_\u20ac3,20_678_1": 0.2, "22_Description_678_1": 0.18181818181818182, "23_Qte_678_1": 0.3333333333333333, "24_Prix_678_1": 0.0, "0_REDBEAN_receipt_00549_0": 0.8571428571428571, "1_2_receipt_00549_0": 0.0, "2_BREAD_receipt_00549_0": 1.0, "3_18,000_receipt_00549_0": 0.0, "4_[MD]_receipt_00549_0": 1.0, "5_MINI_receipt_00549_0": 0.25, "6_ORIGIN_receipt_00549_0": 0.0, "7_CASTELLA_receipt_00549_0": 0.0, "8_1_receipt_00549_0": 2.0, "9_11,000_receipt_00549_0": 0.5, "10_STEAMED_receipt_00549_0": 0.8571428571428571, "11_CHEESEC_receipt_00549_0": 0.8571428571428571, "12_[MD]_receipt_00549_0": 1.0, "13_SOFT_receipt_00549_0": 0.0, "14_10,000_receipt_00549_0": 0.0, "15_1_receipt_00549_0": 2.0, "16_STEAMED_receipt_00549_0": 0.0, "17_CHOCOCA_receipt_00549_0": 0.2857142857142857, "18_10,000_receipt_00549_0": 0.0, "19_[MD]_receipt_00549_0": 0.5, "20_SOFT_receipt_00549_0": 0.25, "21_1_receipt_00549_0": 1.0, "0_RM_X51005441398_1": 0.5, "1_QTY_X51005441398_1": 1.0, "2_ITEM_X51005441398_1": 0.25, "3_11:18_X51005441398_1": 0.0, "4_PM_X51005441398_1": 0.5, "5_ON_X51005441398_1": 0.5, "6_FRN_X51005441398_1": 0.0, "7_Paing_X51005441398_1": 0.2, "8_Waiter_X51005441398_1": 0.0, "9_ORDER_X51005441398_1": 0.0, "10_LOGIN_X51005441398_1": 0.0, "11_Cashier_X51005441398_1": 0.0, "12_PM_X51005441398_1": 0.5, "13_8:13_X51005441398_1": 0.0, "14_Da_X51005441398_1": 0.0, "15_te_X51005441398_1": 0.0, "16_11649_X51005441398_1": 0.2, "17_Order_X51005441398_1": 0.0, "18_No_X51005441398_1": 0.5, "19_Table_X51005441398_1": 0.0, "20_No:_X51005441398_1": 0.6666666666666666, "21_D06_X51005441398_1": 1.0, "22_CHECK_X51005441398_1": 0.0, "23_GUEST_X51005441398_1": 0.2, "24_TEL:_X51005441398_1": 0.0, "25_D'sara,_X51005441398_1": 0.2857142857142857, "26_52000_X51005441398_1": 0.8, "27_KL_X51005441398_1": 0.5, "28_Bandar_X51005441398_1": 0.0, "29_Sri_X51005441398_1": 0.0, "0_CASH_receipt_00699_1": 0.0, "1_85000_receipt_00699_1": 0.0, "2_PLU00121_receipt_00699_1": 0.625, "3_55000_receipt_00699_1": 0.0, "4_1x_receipt_00699_1": 0.5, "5_55000_receipt_00699_1": 0.2, "6_PLU00102_receipt_00699_1": 0.625, "7_20000_receipt_00699_1": 0.0, "8_1x_receipt_00699_1": 0.0, "9_20000_receipt_00699_1": 0.0, "10_PLU01062_receipt_00699_1": 0.625, "11_2x_receipt_00699_1": 0.5, "12_5000_receipt_00699_1": 0.0, "13_10000_receipt_00699_1": 0.2, "0_DESCRIPTION_12_0": 0.0, "1_QTE_12_0": 1.0, "2_MONTANT_12_0": 0.2857142857142857, "3_Tel_12_0": 0.0, "4_17000_12_0": 0.0, "5_LA_12_0": 0.5, "6_ROCHELLE_12_0": 0.0, "7_33_12_0": 0.0, "8_RUE_12_0": 0.0, "9_DE_12_0": 0.0, "10_LA_12_0": 0.0, "11_SCIERIE_12_0": 0.14285714285714285, "12_CRF-CITY_12_0": 0.0, "13_LA_12_0": 0.0, "14_ROCHELLE_12_0": 0.0, "0_135.000_receipt_00782_1": 0.14285714285714285, "1_12.273_receipt_00782_1": 1.0, "2_PB_receipt_00782_1": 1.0, "3_1_receipt_00782_1": 1.0, "4_122.726_receipt_00782_1": 0.2857142857142857, "5_Subtotal_receipt_00782_1": 0.125, "6_1_receipt_00782_1": 2.0, "7_Pembulatan_receipt_00782_1": 0.1, "8_+_receipt_00782_1": 3.0, "9_5,454_receipt_00782_1": 0.4, "10_1_receipt_00782_1": 1.0, "11_Es_receipt_00782_1": 0.0, "12_Teh_receipt_00782_1": 0.0, "13_Sapi_receipt_00782_1": 0.75, "14_15.454_receipt_00782_1": 0.0, "15_1/2_receipt_00782_1": 1.0, "16_Baso_receipt_00782_1": 0.5, "17_1_receipt_00782_1": 2.0, "18_28.182_receipt_00782_1": 0.3333333333333333, "19_Bakmi_receipt_00782_1": 0.4, "20_Ayam_receipt_00782_1": 0.25, "21_1_receipt_00782_1": 1.0, "22_31.818_receipt_00782_1": 0.5, "23_Yi_receipt_00782_1": 1.0, "24_Fu_receipt_00782_1": 1.0, "25_Mies_receipt_00782_1": 0.25, "26_Small_receipt_00782_1": 0.2, "27_1_receipt_00782_1": 1.0, "28_41.818_receipt_00782_1": 0.0, "29_YIFUMI_receipt_00782_1": 1.0, "30_1_receipt_00782_1": 1.0, "0_18:41:40_333_1": 0.0, "1_20/06/2017_333_1": 0.0, "2_0009_333_1": 0.0, "3_002_333_1": 0.0, "4_000212_333_1": 0.0, "5_BANCAIRE_333_1": 0.0, "6_EMV_333_1": 0.0, "7_EUR_333_1": 0.0, "8_11.18\u20ac_333_1": 0.3333333333333333, "9_CARTE_333_1": 0.0, "10_(S)_333_1": 0.6666666666666666, "11_PAYER_333_1": 0.0, "12_11.18\u20ac_333_1": 0.3333333333333333, "13_ARTICLE_333_1": 0.0, "14_TOTAL_333_1": 0.0, "15_A_333_1": 0.0, "16_5_333_1": 0.0, "17_2.20\u20ac_333_1": 0.4, "18_JAUNE_333_1": 0.0, "19_BQ_333_1": 0.5, "20_250G_333_1": 0.25, "21_*TOMATE_333_1": 0.14285714285714285, "22_3.50\u20ac/kg_333_1": 0.0, "23_0.395kg_333_1": 0.14285714285714285, "24_x_333_1": 0.0, "25_1.38\u20ac_333_1": 0.4, "26_*NECTARINE_333_1": 0.1, "27_A_333_1": 0.0, "28_CHAIR_333_1": 0.2, "29_JA_333_1": 0.5, "30_*CHIFFONNADE_333_1": 0.0, "31_2.60\u20ac_333_1": 0.4, "32_JB_333_1": 0.0, "33_SEC_333_1": 0.0, "34_3.04\u20ac_333_1": 0.6, "35_*BOULGOUR_333_1": 0.0, "36_LENTILLE_333_1": 0.0, "37_1.96\u20ac_333_1": 0.4, "38_*72_333_1": 0.3333333333333333, "39_LING.BB_333_1": 0.14285714285714285, "40_FRESH_333_1": 0.0, "41_QTE_333_1": 0.0, "42_MONTANT_333_1": 0.14285714285714285, "43_DESCRIPTION_333_1": 0.0, "0_TTC_758_0": 0.6666666666666666, "1_TVA_758_0": 0.6666666666666666, "2_18/01/17 0_758_0": 0.1, "3_011U_758_0": 1.0, "4_04G00_758_0": 0.2, "5_Ticket_758_0": 0.0, "6_janvier_758_0": 0.14285714285714285, "7_15:33_758_0": 0.0, "8_2017_758_0": 0.0, "9_Caisse_758_0": 0.0, "10_001-0122_758_0": 0.0, "11_18_758_0": 0.0, "12_TEL.:_758_0": 0.6, "13_LA_758_0": 0.5, "14_VOUS_758_0": 1.0, "15_SOUHAITE_758_0": 0.0, "16_D'ANGELY_758_0": 0.0, "17_JEAN_758_0": 0.0, "18_SAINT_758_0": 0.0, "0_DESCRIPTION_105_0": 0.09090909090909091, "1_QTE_105_0": 1.0, "2_:_105_0": 1.0, "3_Tel_105_0": 0.0, "4_LA_105_0": 0.5, "5_ROCHELLE_105_0": 0.0, "6_17000_105_0": 0.2, "7_33_105_0": 0.0, "8_RUE_105_0": 0.0, "9_DE_105_0": 0.0, "10_LA_105_0": 0.5, "11_SCIERIE_105_0": 0.14285714285714285, "12_CRF-CITY_105_0": 0.0, "13_LA_105_0": 0.0, "14_ROCHELLE_105_0": 0.0, "0_ _receipt_00336_0": 2.0, "0_CB_93_1": 0.0, "1_EMV_93_1": 0.0, "2_SANS_93_1": 0.0, "3_CONTACT_93_1": 0.0, "4_EUR_93_1": 0.0, "5_10.63\u20ac_93_1": 0.3333333333333333, "6_ARTICLE(S)_93_1": 0.0, "7_TOTAL_93_1": 0.0, "8_A_93_1": 0.0, "9_PAYER_93_1": 0.0, "10_10.63\u20ac_93_1": 0.3333333333333333, "11_*RIZ_93_1": 0.25, "12_PLT_93_1": 0.0, "13_3.92\u20ac_93_1": 0.4, "14_INDIENNE_93_1": 0.25, "15_W_93_1": 1.0, "16_0.455kg_93_1": 0.14285714285714285, "17_x_93_1": 1.0, "18_2.95\u20ac/kg_93_1": 0.125, "19_*POMME_93_1": 0.5, "20_CHANTECLERC_93_1": 0.0, "21_1.34\u20ac_93_1": 0.4, "22_*EAU_93_1": 0.5, "23_CRISTALINE_93_1": 0.2, "24_X6_93_1": 0.0, "25_1.20\u20ac_93_1": 0.2, "26_*CAROTTE_93_1": 0.0, "27_RAPE_93_1": 0.0, "28_BIO_93_1": 0.3333333333333333, "29_1.60\u20ac_93_1": 0.4, "30_0.180kg_93_1": 0.14285714285714285, "31_1.95\u20ac/kg_93_1": 0.25, "32_x_93_1": 2.0, "33_*BANANE_93_1": 0.0, "34_0.35\u20ac_93_1": 0.4, "35_*20_93_1": 0.0, "36_FOURCHET_93_1": 0.0, "37_1.11\u20ac_93_1": 0.0, "38_*20_93_1": 0.3333333333333333, "39_COUTEAUX_93_1": 0.125, "40_1.11\u20ac_93_1": 0.2, "0_0_receipt_00770_1": 1.0, "1_Kembalian_receipt_00770_1": 0.1111111111111111, "2_67000_receipt_00770_1": 0.0, "3_Tunai_receipt_00770_1": 0.0, "4_%)_receipt_00770_1": 0.0, "5_Discount_receipt_00770_1": 0.0, "6_(0_receipt_00770_1": 1.0, "7_67000_receipt_00770_1": 0.0, "8_Sub_receipt_00770_1": 0.3333333333333333, "9_Total_receipt_00770_1": 0.0, "0_ _receipt_00737_0": 4.0, "0_1.05_X51005361912_1": 0.0, "1_TOTAL_X51005361912_1": 0.0, "2_-0.01_X51005361912_1": 0.0, "3_ROUNDING_X51005361912_1": 0.0, "4_0.06_X51005361912_1": 0.0, "5_TAX_X51005361912_1": 0.0, "6_TOTAL_X51005361912_1": 0.2, "7_(EX)_X51005361912_1": 0.0, "8_1.00_X51005361912_1": 0.0, "9_SUB-TOTAL_X51005361912_1": 0.0, "10_Qty.:_X51005361912_1": 0.2, "11_Total_X51005361912_1": 0.0, "12_1.00_X51005361912_1": 0.0, "13_2_X51005361912_1": 0.0, "14_PAPER_X51005361912_1": 0.0, "15_CARBON_X51005361912_1": 0.0, "16_1.00_X51005361912_1": 0.0, "17_*_X51005361912_1": 0.0, "18_0.00_X51005361912_1": 0.0, "19_0.50_X51005361912_1": 0.0, "20_2_X51005361912_1": 0.0, "21_1_X51005361912_1": 0.0, "22_(RM)_X51005361912_1": 0.0, "23_QTY_X51005361912_1": 1.0, "24_DISC%_X51005361912_1": 0.2, "25_U/P_X51005361912_1": 1.0, "26_ITEM_X51005361912_1": 0.0, "27_AMOUNT_X51005361912_1": 0.0, "28_Date_X51005361912_1": 0.0, "29_:_X51005361912_1": 1.0, "30_29/01/2018_X51005361912_1": 0.0, "31_Receipt_X51005361912_1": 0.0, "32_No.:_X51005361912_1": 0.25, "0_1_receipt_00641_0": 1.0, "1_REDBEAN_receipt_00641_0": 0.2857142857142857, "2_BREAD_receipt_00641_0": 0.2, "3_9,000_receipt_00641_0": 0.0, "4_1_receipt_00641_0": 1.0, "5_PAIN_receipt_00641_0": 0.0, "6_AU_receipt_00641_0": 1.0, "7_CHOCOLATE_receipt_00641_0": 0.2222222222222222, "8_11,000_receipt_00641_0": 0.0, "9_APPLE_receipt_00641_0": 0.2, "10_1_receipt_00641_0": 2.0, "11_CRISPY_receipt_00641_0": 0.16666666666666666, "12_RAISIN_receipt_00641_0": 0.0, "13_PASTR_receipt_00641_0": 0.0, "14_11,500_receipt_00641_0": 0.0, "0_A_491_2": 1.0, "1_BIENTOT_491_2": 0.0, "2_Vous_491_2": 0.0, "3_remercie_491_2": 0.0, "4_visite_491_2": 0.0, "5_de_491_2": 0.0, "6_votre_491_2": 0.0, "7_CARREFOUR_491_2": 0.0, "8_MARKET_491_2": 0.0, "9_AYTRE_491_2": 0.0, "0_Bag_receipt_00072_0": 0.3333333333333333, "1_6001-Plastic_receipt_00072_0": 0.25, "2_Small_receipt_00072_0": 0.0, "3_28.000_receipt_00072_0": 0.0, "4_28.000_receipt_00072_0": 0.16666666666666666, "5_x1_receipt_00072_0": 1.0, "6_Katamari_receipt_00072_0": 0.25, "7_wheat_receipt_00072_0": 0.0, "8_2011-Whole_receipt_00072_0": 0.1, "0_Tel_27_0": 0.0, "1_17000_27_0": 0.0, "2_LA_27_0": 0.5, "3_ROCHELLE_27_0": 0.0, "4_SCIERIE_27_0": 0.14285714285714285, "5_RUE_27_0": 0.0, "6_DE_27_0": 0.0, "7_LA_27_0": 0.0, "8_33_27_0": 0.0, "9_CRF-CITY_27_0": 0.0, "10_ROCHELLE_27_0": 0.0, "11_LA_27_0": 0.0, "0_DESCRIPTION_317_0": 0.0, "1_QTE_317_0": 1.0, "2_MONTANT_317_0": 0.42857142857142855, "3_Tel_317_0": 0.0, "4_17000_317_0": 0.0, "5_LA_317_0": 0.0, "6_ROCHELLE_317_0": 0.0, "7_33_317_0": 0.0, "8_RUE_317_0": 0.0, "9_DE_317_0": 0.0, "10_LA_317_0": 0.0, "11_SCIERIE_317_0": 0.14285714285714285, "12_ROCHELLE_317_0": 0.0, "13_CRF-CITY_317_0": 0.0, "14_LA_317_0": 0.0, "0_90,00_735_1": 0.0, "1_Bancaire_735_1": 0.0, "2_Carte_735_1": 0.0, "3_Reglements:_735_1": 0.0, "4_payer:_735_1": 0.0, "5_90,00_735_1": 0.2, "6_Total_735_1": 0.0, "7_a_735_1": 1.0, "8_(0,00%)_735_1": 0.0, "9_0,00_735_1": 0.0, "10_TVA_735_1": 0.0, "11_Dont_735_1": 0.0, "12_(Euros)_735_1": 0.0, "13_90,00_735_1": 0.0, "14_TOTAL_735_1": 0.0, "15_TTC_735_1": 1.0, "16_(Euros)_735_1": 0.0, "17_90,00_735_1": 0.2, "18_TOTAL_735_1": 0.0, "19_HT_735_1": 0.0, "20_concerne_735_1": 0.0, "21_Non_735_1": 0.0, "22_(donnee_735_1": 0.0, "23_pieces_735_1": 0.16666666666666666, "24_detachees_735_1": 0.0, "25_des_735_1": 0.0, "26_n=_735_1": 0.5, "27_jusqu'au_735_1": 0.125, "28_Valable_735_1": 0.0, "29_14.12.2017_735_1": 0.0, "30_90,00_735_1": 0.0, "31_0000133191_735_1": 0.0, "32_90,00_735_1": 0.4, "33_1_735_1": 0.0, "34_=_735_1": 0.0, "35_Anniversaire_735_1": 0.0, "36_Carte_735_1": 0.0, "37_BOULANGER_735_1": 0.0, "38_Cadeau_735_1": 0.0, "0_Vous_485_1": 0.0, "1_remercie_485_1": 0.0, "2_de_485_1": 0.0, "3_votre_485_1": 0.0, "4_visite_485_1": 0.0, "5_CARREFOUR_485_1": 0.0, "6_MARKET_485_1": 0.0, "7_AYTRE_485_1": 0.0, "8_echange_485_1": 0.0, "9_repris_485_1": 0.0, "10_ni_485_1": 0.0, "11_Solde_485_1": 0.0, "12_ni_485_1": 0.0, "13_0121_485_1": 0.0, "14_002_485_1": 0.0, "15_000100_485_1": 0.0, "16_12/04/2017_485_1": 0.0, "17_19:17:11_485_1": 0.125, "18_CARTE_485_1": 0.0, "19_BANCAIRE_485_1": 0.0, "20_EMV_485_1": 0.3333333333333333, "21_EUR_485_1": 0.0, "22_13.07\u20ac_485_1": 0.3333333333333333, "23_ARTICLE_485_1": 0.0, "24_(S)_485_1": 0.6666666666666666, "25_TOTAL_485_1": 0.0, "26_A_485_1": 0.0, "27_PAYER_485_1": 0.0, "28_13.07\u20ac_485_1": 0.3333333333333333, "29_2_485_1": 0.0, "30_ALIMENTAIRE_485_1": 0.2727272727272727, "31_13.07\u20ac_485_1": 0.3333333333333333, "32_TOTAL_485_1": 1.0, "33_S/OS_485_1": 1.0, "34_11.42\u20ac_485_1": 0.3333333333333333, "35_FLT_485_1": 0.0, "36_A_485_1": 1.0, "37_ROTIR_485_1": 0.2, "38_*EMPRESURE_485_1": 0.2, "39_CHOCOLAT_485_1": 0.0, "40_1.65\u20ac_485_1": 0.6, "0_ _receipt_00456_0": 3.0, "0_000360_262_1": 0.0, "1_003_262_1": 0.0, "2_29/05/2017_262_1": 0.3, "3_20:25:33_262_1": 1.0, "4_Carte:_262_1": 0.3333333333333333, "5_CB_262_1": 1.0, "6_ENV_262_1": 0.6666666666666666, "7_SANS_262_1": 0.0, "8_CONTACT_262_1": 0.0, "9_EUR_262_1": 0.6666666666666666, "10_1.60_262_1": 0.75, "11_IATICLE(S)_262_1": 0.5, "12_TOTAL_262_1": 0.8, "13_A_262_1": 0.0, "14_PRYER_262_1": 0.2, "15_1.60_262_1": 0.25, "16_BEURR_262_1": 1.0, "17_PLAQ_262_1": 0.75, "18_D-SEL_262_1": 0.6, "19_1.60_262_1": 0.5, "0_DESCRIPTION_313_0": 0.18181818181818182, "1_QTE_313_0": 1.0, "2_MONTANT_313_0": 0.5714285714285714, "3_:_313_0": 1.0, "4_Tel_313_0": 0.0, "5_17000_313_0": 0.0, "6_ROCHELLE_313_0": 0.0, "7_LA_313_0": 0.5, "8_33_313_0": 0.0, "9_RUE_313_0": 0.0, "10_DE_313_0": 0.0, "11_LA_313_0": 0.5, "12_SCIERIE_313_0": 0.0, "13_CRF-CITY_313_0": 0.0, "14_LA_313_0": 2.0, "15_ROCHELLE_313_0": 0.0, "0_repris_483_6": 0.0, "1_echanges_483_6": 0.0, "2_ni_483_6": 0.0, "3_ni_483_6": 0.0, "4_BIENTOT_483_6": 0.0, "5_A_483_6": 0.0, "6_Vous_483_6": 0.0, "7_remercie_483_6": 0.0, "8_de_483_6": 0.0, "9_votre_483_6": 0.6, "10_visite_483_6": 0.0, "11_MARKET_483_6": 0.3333333333333333, "12_CARREFOUR_483_6": 0.0, "13_AYTRE_483_6": 0.2, "14_echange_483_6": 1.0, "15_repris_483_6": 0.0, "16_Solde_483_6": 0.0, "17_ni_483_6": 0.0, "18_ni_483_6": 0.0, "19_0122_483_6": 0.25, "20_011_483_6": 1.0, "21_000083_483_6": 0.0, "22_25/05/2017_483_6": 0.0, "23_11:26:52_483_6": 0.0, "24_:_483_6": 1.0, "25_Carte_483_6": 0.0, "0_100,000_receipt_00171_1": 0.0, "1_JOOX_receipt_00171_1": 0.75, "2_100,000_receipt_00171_1": 0.0, "3_Total_receipt_00171_1": 0.0, "4_4,000_receipt_00171_1": 0.0, "5_1_receipt_00171_1": 1.0, "6_PEARL_receipt_00171_1": 0.2, "7_[R]_receipt_00171_1": 0.6666666666666666, "8_30,000_receipt_00171_1": 0.0, "9_MOCHA LATTE_receipt_00171_1": 0.0, "10_ICED_receipt_00171_1": 0.0, "11_1_receipt_00171_1": 1.0, "12_PEARL_receipt_00171_1": 0.2, "13_4,000_receipt_00171_1": 0.0, "14_1_receipt_00171_1": 1.0, "15_ICED_receipt_00171_1": 0.0, "16_[R]_receipt_00171_1": 0.6666666666666666, "17_30,000_receipt_00171_1": 0.0, "18_1_receipt_00171_1": 0.0, "19_PEARL_receipt_00171_1": 0.2, "20_1_receipt_00171_1": 0.0, "21_4,000_receipt_00171_1": 0.0, "22_Coffee_receipt_00171_1": 0.16666666666666666, "23_[R]_receipt_00171_1": 0.3333333333333333, "24_Rocksalt_receipt_00171_1": 1.0, "25_28,000_receipt_00171_1": 0.0, "26_1_receipt_00171_1": 0.0, "0_A_378_1": 0.0, "1_BIENTOT_378_1": 0.0, "2_MERCI_378_1": 0.0, "3_DE_378_1": 0.0, "4_VOTRE_378_1": 0.0, "5_VISITE_378_1": 0.0, "6_0005_378_1": 0.5, "7_25/02/2017_378_1": 0.4, "8_003_378_1": 0.0, "9_000119_378_1": 0.0, "10_17:56:16_378_1": 0.0, "11_ESPECES_378_1": 0.0, "12_EUR_378_1": 0.0, "13_1.20\u20ac_378_1": 0.4, "14_AITICLE(S)_378_1": 0.1, "15_TOTAL_378_1": 0.2, "16_PAYER_378_1": 0.0, "17_A_378_1": 1.0, "18_1.20\u20ac_378_1": 0.4, "19_ERU_378_1": 0.6666666666666666, "20_CRISTALINE_378_1": 0.1, "21_X6_378_1": 1.0, "22_1.20\u20ac_378_1": 0.4, "23_DESCRIPTION_378_1": 0.09090909090909091, "24_QTE_378_1": 1.0, "25_MONTANT_378_1": 0.14285714285714285, "0_CONSERVER_625_3": 0.0, "1_BIENTOT_625_3": 0.14285714285714285, "2_A_625_3": 1.0, "3_MERCI_625_3": 0.4, "4_DE_625_3": 0.0, "5_VOTRE_625_3": 0.0, "6_VISITE_625_3": 0.0, "7_236_625_3": 0.0, "8_15/06/17_625_3": 0.0, "9_AM_625_3": 1.5, "10_13:07_625_3": 0.0, "11_581365_625_3": 0.16666666666666666, "12_Operateur_625_3": 0.0, "13_Date_625_3": 0.0, "14_Ticket_625_3": 0.0, "15_Heure_625_3": 0.2, "16_TPV_625_3": 0.6666666666666666, "17_(Voir_625_3": 0.6, "18_conditions_625_3": 0.0, "19_magasin)_625_3": 0.25, "20_a_625_3": 1.0, "21_l'accueil_625_3": 0.1111111111111111, "22_du_625_3": 0.0, "23_SUR_625_3": 0.0, "24_LES_625_3": 0.0, "25_VETEMENTS_625_3": 0.1111111111111111, "26_SOUS_625_3": 1.0, "27_HOMNES_625_3": 0.0, "28_OFFERTS_625_3": 0.0, "29_25%_625_3": 0.3333333333333333, "30_EN_625_3": 0.0, "31_EUROS_625_3": 0.0, "32_CARTE_625_3": 0.0, "33_U_625_3": 1.0, "34_CARTE_625_3": 0.0, "35_U_625_3": 1.0, "36_DU_625_3": 1.0, "37_13_625_3": 1.0, "38_AU_625_3": 0.5, "39_18_625_3": 0.5, "40_JUIN_625_3": 0.0, "41_TICKET_625_3": 0.0, "42_A_625_3": 1.0, "43_CONSERUER_625_3": 0.1111111111111111, "44_fidelite._625_3": 0.1111111111111111, "45_conditions_625_3": 0.0, "46_a_625_3": 1.0, "47_l'accueil._625_3": 0.3, "48_magasins_625_3": 0.375, "49_dans_625_3": 0.25, "50_tuus_625_3": 0.25, "51_les_625_3": 0.3333333333333333, "52_participant_625_3": 0.09090909090909091, "53_U_625_3": 1.0, "54_programme_625_3": 0.0, "55_au_625_3": 1.0, "56_presentation_625_3": 0.0, "57_lendemain,_625_3": 0.2, "58_sur_625_3": 0.0, "59_de_625_3": 0.0, "60_votre_625_3": 0.4, "61_Carte_625_3": 0.0, "62_U,_625_3": 1.0, "63_jour,_625_3": 0.2, "64_Les_625_3": 0.0, "65_Carte_625_3": 0.0, "66_obtenus_625_3": 0.0, "67_U_625_3": 1.0, "68_ce_625_3": 0.5, "69_seront_625_3": 0.0, "70_valair_625_3": 0.16666666666666666, "71_des_625_3": 0.0, "72_a_625_3": 1.0, "0_DESCRIPTION_595_0": 0.0, "1_QTE_595_0": 1.0, "2_MONTANT_595_0": 0.14285714285714285, "3_:_595_0": 1.0, "4_Tel_595_0": 0.0, "5_17000_595_0": 0.0, "6_LA_595_0": 0.0, "7_ROCHELLE_595_0": 0.0, "8_170_595_0": 0.0, "9_EMILE_595_0": 0.0, "10_AV_595_0": 0.0, "11_NORMANDIN_595_0": 0.0, "12_CONTACT_595_0": 0.0, "13_LA_595_0": 0.0, "14_ROCHELLE_595_0": 0.0, "0_:_673_0": 1.0, "1_SIRET_673_0": 0.0, "2_351_673_0": 0.0, "3_188_673_0": 0.0, "4_081_673_0": 0.0, "5_00027_673_0": 0.0, "6_TEL:_673_0": 0.0, "7_05_673_0": 0.0, "8_46_673_0": 0.0, "9_68_673_0": 1.0, "10_09_673_0": 0.0, "11_68_673_0": 0.0, "12_17138_673_0": 0.0, "13_PUILBOREAU_673_0": 0.1, "14_ZAC_673_0": 0.3333333333333333, "15_BEAULIEU_673_0": 0.0, "16_de_673_0": 0.0, "17_LA_673_0": 0.0, "18_FOIR'FOUILLE_673_0": 0.0, "0_CHANGE_receipt_00710_1": 0.16666666666666666, "1_4,000_receipt_00710_1": 0.6, "2_CASH_receipt_00710_1": 0.0, "3_15,000_receipt_00710_1": 0.16666666666666666, "4_VOUCHER_receipt_00710_1": 0.14285714285714285, "5_450J0000259075_receipt_00710_1": 0.2857142857142857, "6_20,000_receipt_00710_1": 0.16666666666666666, "7_TOTAL_receipt_00710_1": 0.0, "8_ITEMS_receipt_00710_1": 0.6, "9_1_receipt_00710_1": 2.0, "10_TOTAL_receipt_00710_1": 0.0, "11_SALES_receipt_00710_1": 0.2, "12_31,000_receipt_00710_1": 0.16666666666666666, "13_SUB_receipt_00710_1": 0.0, "14_TOTAL_receipt_00710_1": 0.0, "15_31,000_receipt_00710_1": 0.0, "16_SUGAR_receipt_00710_1": 0.0, "17_LESS_receipt_00710_1": 0.75, "18_0_receipt_00710_1": 2.0, "0_ _receipt_00567_0": 2.0, "0_A_363_1": 0.0, "1_BIENTOT_363_1": 0.0, "2_MERCI_363_1": 0.0, "3_DE_363_1": 0.0, "4_VOTRE_363_1": 0.0, "5_VISITE_363_1": 0.0, "6_000537_363_1": 0.0, "7_0001_363_1": 0.0, "8_004_363_1": 0.0, "9_22/06/2017_363_1": 0.0, "10_19:05:30_363_1": 0.0, "11_CARTE_363_1": 0.0, "12_BANCAIRE_363_1": 0.0, "13_EMV_363_1": 0.3333333333333333, "14_EUR_363_1": 0.0, "15_10.44\u20ac_363_1": 0.3333333333333333, "16_(S)_363_1": 0.6666666666666666, "17_4_363_1": 0.0, "18_ARTICLE_363_1": 0.0, "19_TOTAL_363_1": 0.0, "20_A_363_1": 0.0, "21_PAYER_363_1": 0.0, "22_10.446_363_1": 0.3333333333333333, "23_2kh_363_1": 1.0, "24_*TOHATES_363_1": 0.125, "25_COEUR_363_1": 0.0, "26_DE_363_1": 0.0, "27_PIG_363_1": 0.3333333333333333, "28_2.20_363_1": 0.25, "29_4.40\u20ac_363_1": 0.4, "30_*PETIT_363_1": 0.3333333333333333, "31_BATON_363_1": 0.0, "32_BERGER_363_1": 0.0, "33_2.61\u20ac_363_1": 0.4, "34_*KINDER_363_1": 0.0, "35_SCHOKOBONS_363_1": 0.1, "36_3.43\u20ac_363_1": 0.4, "0_29.500_receipt_00794_1": 0.16666666666666666, "1_Kembali_receipt_00794_1": 0.14285714285714285, "2_1.250.000_receipt_00794_1": 0.0, "3_Tunai_receipt_00794_1": 0.2, "4_Qty:_receipt_00794_1": 0.5, "5_23_receipt_00794_1": 1.0, "6_6_receipt_00794_1": 1.0, "7_Itm:_receipt_00794_1": 0.75, "8_1.220.500_receipt_00794_1": 0.2222222222222222, "9_Total_receipt_00794_1": 0.0, "10_1.000_receipt_00794_1": 0.2, "11_1_receipt_00794_1": 1.0, "12_ES_receipt_00794_1": 1.0, "13_BATU_receipt_00794_1": 0.0, "14_8.500_receipt_00794_1": 0.4, "15_KOPI_receipt_00794_1": 0.75, "16_HITAM_receipt_00794_1": 0.0, "17_1_receipt_00794_1": 1.0, "18_3.000_receipt_00794_1": 0.2, "19_1_receipt_00794_1": 1.0, "20_TAWAR_receipt_00794_1": 0.2, "21_ES_receipt_00794_1": 0.5, "22_TEH_receipt_00794_1": 0.6666666666666666, "23_JERUK_receipt_00794_1": 0.2, "24_13.000_receipt_00794_1": 0.0, "25_1_receipt_00794_1": 2.0, "26_ES_receipt_00794_1": 1.0, "27_80.000_receipt_00794_1": 0.3333333333333333, "28_480.000_receipt_00794_1": 0.14285714285714285, "29_PAKET_receipt_00794_1": 0.2, "30_WEEKEND_receipt_00794_1": 0.0, "31_6_receipt_00794_1": 1.0, "32_2_receipt_00794_1": 0.0, "0_19.00_681_1": 0.0, "1_Credit_681_1": 0.0, "2_Kiosk_681_1": 0.0, "3_19.00_681_1": 0.0, "4_TOTAL_681_1": 0.0, "5_TTC_681_1": 0.6666666666666666, "6_3.81_681_1": 0.25, "7_5,5_681_1": 0.3333333333333333, "8_3.61_681_1": 0.25, "9_0.20_681_1": 0.0, "10_TVA_681_1": 0.3333333333333333, "11_%_681_1": 1.0, "12_1.38_681_1": 0.0, "13_15.19_681_1": 0.0, "14_TVA_681_1": 0.6666666666666666, "15_13.81_681_1": 0.0, "16_10_681_1": 0.0, "17_%_681_1": 1.0, "18_TVA_681_1": 0.6666666666666666, "19_TTC_681_1": 1.0, "20_CHS_681_1": 0.0, "21_1.60_681_1": 0.0, "22_S.PELLEGRINO_681_1": 0.08333333333333333, "23_*50_681_1": 0.3333333333333333, "24_CL_681_1": 1.0, "25_curry_681_1": 0.0, "26_RINGS_681_1": 0.0, "27_*6_681_1": 0.5, "28_ONION_681_1": 0.6, "29_CHS_681_1": 0.0, "30_*XXL_681_1": 0.5, "31_DOUBLE_681_1": 0.0, "32_BAC_681_1": 0.3333333333333333, "33_CHS_681_1": 1.0, "34_MOY_681_1": 1.0, "35_*MINUTE_681_1": 0.14285714285714285, "36_ORANGE_681_1": 0.0, "37_M_681_1": 1.0, "38_33CL_681_1": 0.5, "39_EXTRA_681_1": 0.0, "40_HOT_681_1": 0.6666666666666666, "41_DIP_681_1": 1.0, "0_*PET_513_1": 0.25, "1_1L_513_1": 0.5, "2_PJ_513_1": 0.5, "3_MULTIFRU_513_1": 0.125, "4_1.77\u20ac_513_1": 0.4, "5_NAT.S/FRUIT_513_1": 0.18181818181818182, "6_2.32\u20ac_513_1": 0.4, "7_*PANIER_513_1": 0.14285714285714285, "8_T.220_513_1": 0.2, "9_1.95\u20ac_513_1": 0.4, "10_NUTELLA_513_1": 0.0, "11_1.41\u20ac_513_1": 0.4, "12_*EHMENTAL_513_1": 0.2222222222222222, "13_RAPE_513_1": 0.0, "14_CRF_513_1": 0.0, "15_*DEL.POTIRON_513_1": 0.4166666666666667, "16_CHATAI_513_1": 0.16666666666666666, "17_2.50\u20ac_513_1": 0.4, "18_CHOCO_513_1": 0.6, "19_COOKIES_513_1": 0.0, "20_TT_513_1": 1.0, "21_2x_513_1": 1.0, "22_0.90_513_1": 0.0, "23_1.80\u20ac_513_1": 0.4, "24_*CHAMP.MOYEN_513_1": 0.3333333333333333, "25_P.c_513_1": 0.6666666666666666, "26_1.13\u20ac_513_1": 0.4, "27_0.85\u20ac_513_1": 0.4, "28_*BAGUETTE_513_1": 0.1111111111111111, "29_CARREFOUR_513_1": 0.0, "30_*BAGUETTE_513_1": 0.1111111111111111, "31_CAMPAGNAR_513_1": 0.1111111111111111, "32_0.95\u20ac_513_1": 0.4, "33_KIRI_513_1": 0.25, "34_1.46\u20ac_513_1": 0.4, "35_*8_513_1": 0.5, "36_PORTIONS_513_1": 0.0, "37_1.55\u20ac_513_1": 0.4, "38_OEUFS_513_1": 0.0, "39_PLEIN_513_1": 0.0, "40_AIR_513_1": 0.3333333333333333, "41_CONF_513_1": 0.0, "42_FRAISE_513_1": 0.16666666666666666, "43_1.03\u20ac_513_1": 0.4, "44_370G_513_1": 0.25, "45_BISCOTT.CRF_513_1": 0.0, "46_300G_513_1": 0.25, "47_0.72\u20ac_513_1": 0.4, "48_250G_513_1": 0.25, "49_TAM_513_1": 0.3333333333333333, "50_TAM_513_1": 0.3333333333333333, "51_CHOCO_513_1": 0.0, "52_1.63\u20ac_513_1": 0.4, "53_CREM.S/PR_513_1": 0.1111111111111111, "54_*250G_513_1": 0.4, "55_1.43\u20ac_513_1": 0.4, "56_19%_513_1": 0.3333333333333333, "57_100G_513_1": 0.25, "58_NES_513_1": 0.3333333333333333, "59_2.61\u20ac_513_1": 0.4, "60_NESCAFE_513_1": 0.0, "0_Nannys_receipt_00361_0": 0.0, "1_1_receipt_00361_0": 0.0, "2_Customer_receipt_00361_0": 0.0, "3_Fries_receipt_00361_0": 0.0, "4_45.000_receipt_00361_0": 0.0, "5_Mango_receipt_00361_0": 0.2, "6_1_receipt_00361_0": 0.0, "7_Mint_receipt_00361_0": 0.25, "8_Iced_receipt_00361_0": 1.0, "9_Tea_receipt_00361_0": 0.0, "10_35.000_receipt_00361_0": 0.3333333333333333, "11_1_receipt_00361_0": 0.0, "12_Peach_receipt_00361_0": 0.0, "13_Iced_receipt_00361_0": 0.0, "14_Tea_receipt_00361_0": 0.0, "15_35.000_receipt_00361_0": 0.0, "0_Total_receipt_00216_0": 0.0, "1_1_receipt_00216_0": 1.0, "2_PAJAK_receipt_00216_0": 0.8, "3_10%_receipt_00216_0": 0.6666666666666666, "4_2,091_receipt_00216_0": 0.0, "5_1_receipt_00216_0": 1.0, "6_20,909_receipt_00216_0": 0.3333333333333333, "0_MERCI_305_1": 0.4, "1_DE_305_1": 0.0, "2_VOTRE_305_1": 0.0, "3_VISITE_305_1": 0.0, "4_0007_305_1": 0.0, "5_004_305_1": 0.0, "6_03/07/2017_305_1": 0.0, "7_000046_305_1": 0.0, "8_12:11:32_305_1": 0.0, "9_CB_305_1": 0.0, "10_EMV_305_1": 0.0, "11_AVEC_305_1": 0.0, "12_CONTACT_305_1": 0.0, "13_EUR_305_1": 0.0, "14_7.82\u20ac_305_1": 0.4, "15_3_305_1": 0.0, "16_(S)_305_1": 0.6666666666666666, "17_ARTICLE_305_1": 0.0, "18_TOTAL_305_1": 0.0, "19_A_305_1": 0.0, "20_PAYER_305_1": 0.0, "21_7.82\u20ac_305_1": 0.4, "22_*GOUTER_305_1": 0.14285714285714285, "23_DORE_305_1": 0.0, "24_CACAO_305_1": 0.2, "25_1.22\u20ac_305_1": 0.4, "26_*BUDDHA_305_1": 0.14285714285714285, "27_BOL_305_1": 0.0, "28_OEUF_305_1": 0.0, "29_5.50\u20ac_305_1": 0.0, "30_0.345kg_305_1": 0.0, "31_x_305_1": 2.0, "32_3.20\u20ac/kg_305_1": 0.125, "33_*ABRICOT_305_1": 0.0, "34_GROS_305_1": 0.0, "35_1.10\u20ac_305_1": 0.4, "0_ARTICLE_518_1": 0.0, "1_(S)_518_1": 1.0, "2_12_518_1": 0.0, "3_TOTAL_518_1": 0.0, "4_AVANT_518_1": 0.0, "5_RENISES_518_1": 0.0, "6_22.39\u20ac_518_1": 0.3333333333333333, "7_TOTAL_518_1": 0.0, "8_ALINENTAIRE_518_1": 0.0, "9_20.45\u20ac_518_1": 0.3333333333333333, "10_*ST_518_1": 0.3333333333333333, "11_1KG_518_1": 0.3333333333333333, "12_CAROTTE_518_1": 0.0, "13_0.89\u20ac_518_1": 0.4, "14_FQC_518_1": 0.6666666666666666, "15_*PTIT_518_1": 0.0, "16_POT_518_1": 0.0, "17_CR._518_1": 0.3333333333333333, "18_CHOCO_518_1": 0.0, "19_1.69\u20ac_518_1": 0.4, "20_*PET_518_1": 0.25, "21_1L_518_1": 0.5, "22_PJ_518_1": 1.0, "23_MULTIFRU_518_1": 0.125, "24_1.77\u20ac_518_1": 0.4, "25_UHT_518_1": 0.3333333333333333, "26_*BP_518_1": 0.3333333333333333, "27_1L_518_1": 0.5, "28_LT_518_1": 1.0, "29_1/2EC_518_1": 0.0, "30_0.92\u20ac_518_1": 0.4, "31_*BAGUETTE_518_1": 0.1111111111111111, "32_CARREFOUR_518_1": 0.0, "33_0.85\u20ac_518_1": 0.4, "34_REMISE_518_1": 0.0, "35_-1.94\u20ac_518_1": 0.3333333333333333, "36_*2X1L_518_1": 0.6, "37_POTAG.HALIN_518_1": 0.2727272727272727, "38_L_518_1": 0.0, "39_3.88\u20ac_518_1": 0.4, "40_250G_518_1": 0.25, "41_TAM_518_1": 0.3333333333333333, "42_TAM_518_1": 0.3333333333333333, "43_CHOCO_518_1": 0.0, "44_1.63\u20ac_518_1": 0.4, "45_*1L_518_1": 0.6666666666666666, "46_PJ_518_1": 1.0, "47_ORANGE_518_1": 0.0, "48_CRF_518_1": 0.0, "49_1.50\u20ac_518_1": 0.4, "50_174G_518_1": 0.25, "51_NAPOLITAIN_518_1": 0.2, "52_2.05\u20ac_518_1": 0.4, "53_*120G_518_1": 0.4, "54_THON/TOM_518_1": 0.125, "55_PAVE_518_1": 0.0, "56_2.45\u20ac_518_1": 0.4, "57_*120G_518_1": 0.2, "58_FIL.MQX_518_1": 0.42857142857142855, "59_A_518_1": 1.0, "60_POE_518_1": 0.0, "61_2x_518_1": 1.0, "62_2.38_518_1": 0.0, "63_4.76\u20ac_518_1": 0.0, "0_DUE_receipt_00525_1": 0.0, "1_0_receipt_00525_1": 0.0, "2_7641_receipt_00525_1": 0.0, "3_17,000_receipt_00525_1": 0.3333333333333333, "4_TOTAL_receipt_00525_1": 0.0, "5_17,000_receipt_00525_1": 0.0, "0_Hugarian_receipt_00379_0": 0.375, "1_Original_receipt_00379_0": 0.25, "2_Ku_receipt_00379_0": 0.5, "3_20,000_receipt_00379_0": 0.8333333333333334, "4_20,000_receipt_00379_0": 0.16666666666666666, "5_1x_receipt_00379_0": 0.5, "6_25001_receipt_00379_0": 0.2, "7_Hugarian_receipt_00379_0": 0.0, "8_Ku_receipt_00379_0": 0.0, "9_Original_receipt_00379_0": 0.625, "0_ _receipt_00367_0": 2.0, "0_Grand_receipt_00000_2": 0.8, "1_Total_receipt_00000_2": 0.8, "2_Rounding_receipt_00000_2": 0.125, "3_-45_receipt_00000_2": 1.0, "4_PB1_receipt_00000_2": 1.0, "5_144,695_receipt_00000_2": 0.42857142857142855, "6_Service_receipt_00000_2": 0.0, "7_100,950_receipt_00000_2": 0.0, "8_Sub-Total_receipt_00000_2": 0.2222222222222222, "9_1,346,000_receipt_00000_2": 0.5555555555555556, "0_0_receipt_00546_1": 0.0, "1_20.000_receipt_00546_1": 0.5, "2_CASH_receipt_00546_1": 0.5, "3_20.000_receipt_00546_1": 0.16666666666666666, "4_Total_receipt_00546_1": 0.2, "5_20.000_receipt_00546_1": 0.0, "6_Subtotal_receipt_00546_1": 0.0, "0_QTE_176_0": 0.6666666666666666, "1_MONTANT_176_0": 0.0, "2_DESCRIPTION_176_0": 0.0, "3_:_176_0": 2.0, "4_Tel_176_0": 0.0, "5_ROCHELLE_176_0": 0.0, "6_LA_176_0": 0.0, "7_17000_176_0": 0.0, "8_NORMANDIN_176_0": 0.0, "9_EMILE_176_0": 0.0, "10_AV_176_0": 0.5, "11_170_176_0": 0.0, "12_ROCHELLE_176_0": 0.0, "13_CONTACT_176_0": 0.0, "14_LA_176_0": 0.0, "0_Vous_518_2": 0.0, "1_remercie_518_2": 0.0, "2_de_518_2": 0.0, "3_votre_518_2": 0.0, "4_visite_518_2": 0.0, "5_CARREFOUR_518_2": 0.0, "6_MARKET_518_2": 0.0, "7_AYTRE_518_2": 0.0, "8_repris_518_2": 0.0, "9_echange_518_2": 0.0, "10_ni_518_2": 0.0, "11_Solde_518_2": 0.0, "12_ni_518_2": 0.0, "13_0103_518_2": 0.0, "14_005_518_2": 0.0, "15_14/03/2017_518_2": 0.0, "16_11:17:04_518_2": 0.0, "17_000029_518_2": 0.3333333333333333, "18_CARTE_518_2": 0.0, "19_BANCAIRE_518_2": 0.0, "20_EMV_518_2": 0.0, "21_EUR_518_2": 0.0, "22_20.45\u20ac_518_2": 0.3333333333333333, "23_(S)_518_2": 0.3333333333333333, "24_12_518_2": 0.0, "25_ARTICLE_518_2": 0.0, "26_TOTAL_518_2": 0.4, "27_A_518_2": 0.0, "28_PAYER_518_2": 0.0, "29_20.45\u20ac_518_2": 0.3333333333333333, "30_TOTAL_518_2": 0.0, "31_DES_518_2": 0.0, "32_AVANTAGES_518_2": 0.2222222222222222, "33_DU_518_2": 1.0, "34_JOUR_518_2": 0.0, "35_-1.94\u20ac_518_2": 0.3333333333333333, "36_TOTAL_518_2": 0.0, "37_REMISES_518_2": 0.0, "38_IMMEDIATES_518_2": 0.4, "39_-1.94\u20ac_518_2": 0.3333333333333333, "0_15000_receipt_00052_0": 0.0, "1_15000_receipt_00052_0": 0.0, "2_Jagung_receipt_00052_0": 0.0, "3_Tepung_receipt_00052_0": 0.3333333333333333, "4_1_receipt_00052_0": 4.0, "5_Kunyit_receipt_00052_0": 0.0, "6_15000_receipt_00052_0": 0.0, "7_1_receipt_00052_0": 1.0, "8_15000_receipt_00052_0": 0.0, "9_RTD_receipt_00052_0": 0.0, "0_A_364_1": 0.0, "1_BIENTOT_364_1": 0.0, "2_MERCI_364_1": 0.0, "3_DE_364_1": 0.0, "4_VOTRE_364_1": 0.0, "5_VISITE_364_1": 0.0, "6_0005_364_1": 0.25, "7_003_364_1": 0.3333333333333333, "8_000439_364_1": 0.0, "9_23/06/2017_364_1": 0.0, "10_21:02:54_364_1": 0.0, "11_Votre_364_1": 0.0, "12_Monnaie_364_1": 0.0, "13_-2.11\u20ac_364_1": 0.3333333333333333, "14_ESPECES_364_1": 0.0, "15_EUR_364_1": 0.0, "16_5.00\u20ac_364_1": 0.0, "17_ATICLE(S)_364_1": 0.1111111111111111, "18_TOTAL_364_1": 0.8, "19_A_364_1": 0.0, "20_PAYER_364_1": 0.0, "21_2.89\u20ac_364_1": 0.4, "22_*TEURGI_364_1": 0.42857142857142855, "23_ULE_364_1": 0.0, "24_CANNELLE_364_1": 0.0, "25_2.89\u20ac_364_1": 0.4, "0_003_283_1": 0.0, "1_16/06/2017_283_1": 0.0, "2_0004_283_1": 0.5, "3_000154_283_1": 0.0, "4_12:39:23_283_1": 0.0, "5_CARTE_283_1": 0.0, "6_BANCAIRE_283_1": 0.0, "7_EMV_283_1": 0.6666666666666666, "8_EUR_283_1": 0.0, "9_15.12\u20ac_283_1": 0.3333333333333333, "10_ATICLE(S)_283_1": 0.2222222222222222, "11_TOTAL._283_1": 0.16666666666666666, "12_15.12\u20ac_283_1": 0.3333333333333333, "13_4_283_1": 1.0, "14_A_283_1": 0.0, "15_PAYER_283_1": 0.0, "16_0.400kg_283_1": 0.14285714285714285, "17_x_283_1": 1.0, "18_3.50\u20ac/kg_283_1": 0.125, "19_*NECTAI_283_1": 0.2857142857142857, "20_INE_283_1": 0.6666666666666666, "21_A_283_1": 1.0, "22_CHAIR_283_1": 0.0, "23_JA_283_1": 0.5, "24_1.40\u20ac_283_1": 0.4, "25_*CAROT_283_1": 0.5, "26_E_283_1": 0.0, "27_RAPE_283_1": 0.0, "28_BIO_283_1": 0.3333333333333333, "29_1.60\u20ac_283_1": 0.0, "30_*BENTO_283_1": 0.16666666666666666, "31_EDOGAWA_283_1": 0.14285714285714285, "32_11.75\u20ac_283_1": 0.3333333333333333, "33_0.190kg_283_1": 0.0, "34_x_283_1": 0.0, "35_1.95\u20ac/kg_283_1": 0.125, "36_*BANANI_283_1": 0.14285714285714285, "37_0.37\u20ac_283_1": 0.4, "38_QTE_283_1": 1.0, "39_DESCRIPIION_283_1": 0.18181818181818182, "40_MONTANT_283_1": 0.2857142857142857, "0_ _receipt_00321_0": 2.0, "0_91,000_receipt_00731_1": 0.0, "1_CASH_receipt_00731_1": 0.0, "2_91,000_receipt_00731_1": 0.0, "3_Total_receipt_00731_1": 0.0, "4_8,273_receipt_00731_1": 0.0, "5_Tax_receipt_00731_1": 0.0, "6_82,727_receipt_00731_1": 0.0, "7_Subtotal_receipt_00731_1": 0.0, "8_33,636_receipt_00731_1": 0.0, "9_WOOSAM_receipt_00731_1": 0.0, "10_RICE_receipt_00731_1": 0.0, "11_1_receipt_00731_1": 1.0, "12_R_receipt_00731_1": 0.0, "0_Incl._receipt_00323_1": 0.2, "1_Pb1_receipt_00323_1": 1.0, "2_10%_receipt_00323_1": 0.3333333333333333, "3_3,909_receipt_00323_1": 0.0, "4_CASH_receipt_00323_1": 0.0, "5_50,000_receipt_00323_1": 0.0, "6_CHEESE_receipt_00323_1": 0.0, "7_1_receipt_00323_1": 1.0, "8_TIME_receipt_00323_1": 0.0, "9_43,000_receipt_00323_1": 0.0, "0_Kembalian_receipt_00261_1": 0.2222222222222222, "1_16.000_receipt_00261_1": 0.16666666666666666, "2_Tunai_receipt_00261_1": 0.0, "3_150.000_receipt_00261_1": 0.2857142857142857, "4_Total_receipt_00261_1": 0.0, "5_134.000_receipt_00261_1": 0.14285714285714285, "6_Pajak_receipt_00261_1": 0.0, "7_-_receipt_00261_1": 0.0, "8_Subtotal_receipt_00261_1": 0.0, "9_134.000_receipt_00261_1": 0.0, "10_1_receipt_00261_1": 1.0, "11_20.000_receipt_00261_1": 0.16666666666666666, "12_20.000_receipt_00261_1": 0.16666666666666666, "13_Bungkus_receipt_00261_1": 0.2857142857142857, "14_Krupuk_receipt_00261_1": 0.0, "15_Babi_receipt_00261_1": 0.0, "16_1_receipt_00261_1": 1.0, "17_10.000_receipt_00261_1": 0.0, "18_10.000_receipt_00261_1": 0.3333333333333333, "0_KEMBALI_receipt_00573_1": 0.7142857142857143, "1_4.501_receipt_00573_1": 0.4, "2_TUNAI_receipt_00573_1": 0.8, "3_50,000_receipt_00573_1": 0.16666666666666666, "4_GRAND_receipt_00573_1": 0.8, "5_45,499_receipt_00573_1": 0.0, "6_TOTAL_receipt_00573_1": 0.2, "7_TAX_receipt_00573_1": 1.0, "8_4,136_receipt_00573_1": 0.6, "9_10.00_receipt_00573_1": 0.4, "10_%_receipt_00573_1": 1.0, "11_41,363_receipt_00573_1": 0.6666666666666666, "12_TOTAL_receipt_00573_1": 0.4, "13_41,363_receipt_00573_1": 1.0, "14_41,363_receipt_00573_1": 0.6666666666666666, "15_BASO_receipt_00573_1": 1.0, "16_1_receipt_00573_1": 2.0, "17_KUAH_receipt_00573_1": 0.75, "0_20.000_receipt_00671_0": 0.0, "1_20.000_receipt_00671_0": 0.16666666666666666, "2_+H_receipt_00671_0": 1.0, "3_+ Ice_receipt_00671_0": 1.0, "4_20,000_receipt_00671_0": 0.16666666666666666, "5_Lychee_receipt_00671_0": 0.0, "6_Tea_receipt_00671_0": 0.6666666666666666, "7_1_receipt_00671_0": 2.0, "0_BIENTOT_499_1": 0.0, "1_Vous_499_1": 0.0, "2_remercie_499_1": 0.0, "3_de_499_1": 0.0, "4_votre_499_1": 0.0, "5_visite_499_1": 0.0, "6_CARREFOUR_499_1": 0.0, "7_MARKET_499_1": 0.0, "8_AYTRE_499_1": 0.0, "9_repris_499_1": 0.0, "10_echange_499_1": 0.0, "11_Solde_499_1": 0.0, "12_ni_499_1": 0.0, "13_ni_499_1": 0.5, "14_28/03/2017_499_1": 0.0, "15_0107_499_1": 0.0, "16_005_499_1": 0.3333333333333333, "17_000004_499_1": 0.0, "18_09:05:12_499_1": 0.125, "19_CARTE_499_1": 0.0, "20_BANCAIRE_499_1": 0.0, "21_EUR_499_1": 0.0, "22_EMV_499_1": 0.3333333333333333, "23_10.95\u20ac_499_1": 0.3333333333333333, "24_(S)_499_1": 1.0, "25_ARTICLE_499_1": 0.0, "26_TOTAL_499_1": 0.0, "27_A_499_1": 0.0, "28_PAYER_499_1": 0.0, "29_10.95\u20ac_499_1": 0.3333333333333333, "30_/_499_1": 1.0, "31_/_499_1": 0.0, "32_TOTAL_499_1": 0.0, "33_BEAUTE_499_1": 0.0, "34_SANTE_499_1": 0.0, "35_HYGIENE_499_1": 0.0, "36_10.95\u20ac_499_1": 0.3333333333333333, "37_10.95\u20ac_499_1": 0.3333333333333333, "38_L&G_499_1": 0.3333333333333333, "39_COUCHES_499_1": 0.14285714285714285, "40_T5_499_1": 1.5, "41_X26_499_1": 0.3333333333333333, "0_DESIGNATION_584_0": 0.0, "1_P.U_584_0": 0.3333333333333333, "2_QTE_584_0": 0.0, "3_MONTANT_584_0": 0.0, "4_Lundi_584_0": 0.0, "5_au_584_0": 0.0, "6_samedi_584_0": 0.0, "7_de_584_0": 0.0, "8_8h30_584_0": 0.0, "9_a_584_0": 0.0, "10_21h00_584_0": 0.0, "11_TEl:_584_0": 0.5, "12_46_584_0": 0.0, "13_51_584_0": 1.0, "14_23_584_0": 0.0, "15_79_584_0": 0.0, "16_05_584_0": 0.5, "17_Bienvenue_584_0": 0.0, "18_chez_584_0": 0.0, "0_vignette(s)_473_4": 0.0, "1_par_473_4": 0.0, "2_operation_473_4": 0.0, "3_Bravo_473_4": 0.2, "4_vous_473_4": 0.0, "5_avez_473_4": 0.0, "6_cumule_473_4": 0.0, "7_7_473_4": 1.0, "8_repris_473_4": 0.0, "9_echanges_473_4": 0.125, "10_ni_473_4": 0.0, "11_ni_473_4": 0.0, "12_A_473_4": 1.0, "13_BIENTOT_473_4": 0.0, "14_Vous_473_4": 0.0, "15_remercie_473_4": 0.0, "16_de_473_4": 0.0, "17_votre_473_4": 0.0, "18_visite_473_4": 0.0, "19_CARREFOUR_473_4": 0.0, "20_MARKET_473_4": 0.0, "21_AYTRE_473_4": 0.0, "0_0_receipt_00296_1": 0.0, "1_CHANGE DUE_receipt_00296_1": 0.9, "2_56,000_receipt_00296_1": 0.0, "3_CASH IDR_receipt_00296_1": 0.125, "0_quelques_690_1": 0.0, "1_minutes_690_1": 0.0, "2_Prenez_690_1": 0.0, "3_Merci_690_1": 0.0, "4_de_690_1": 0.0, "5_votre_690_1": 0.0, "6_visite._690_1": 0.0, "7_02_690_1": 0.0, "8_8.00_690_1": 0.0, "9_TVA_690_1": 1.0, "10_A_690_1": 1.0, "11_10.00%_690_1": 0.0, "12_INCL._690_1": 0.0, "13_0.73_690_1": 0.0, "14_=_690_1": 2.0, "15_8.00_690_1": 0.0, "16_ECB_690_1": 0.0, "17_A_690_1": 0.0, "18_(TVA_690_1": 0.0, "19_INCL)_690_1": 0.0, "20_Emporter_690_1": 0.0, "21_Total_690_1": 0.0, "22_8.00_690_1": 0.0, "23_Of_690_1": 0.5, "24_Frite_690_1": 0.0, "25_Best_690_1": 0.0, "26_Orang.Best0f_690_1": 0.0, "27_1_690_1": 0.0, "28_Jus_690_1": 0.0, "29_8.00_690_1": 0.0, "30_8.00_690_1": 0.0, "31_1_690_1": 1.0, "32_BO_690_1": 0.0, "33_280_690_1": 0.0, "34_Chevre_690_1": 0.0, "35_TOTAL_690_1": 0.0, "36_UNIT_690_1": 0.0, "37_QTE_690_1": 0.0, "38_PRODUIT_690_1": 0.0, "39_09/03/2017_690_1": 0.0, "40_-_690_1": 1.0, "41_13:22:15_690_1": 0.375, "42_Caisse_690_1": 0.0, "43_3_690_1": 0.0, "44_#CDE_690_1": 0.0, "45_05_690_1": 0.5, "46_-_690_1": 1.0, "0_ _receipt_00597_0": 2.0, "0_CHANGE_receipt_00272_1": 0.0, "1_CASH_receipt_00272_1": 0.0, "2_50,000_receipt_00272_1": 0.16666666666666666, "3_TOTAL_receipt_00272_1": 0.0, "4_8,500_receipt_00272_1": 0.2, "5_8,500_receipt_00272_1": 0.0, "6_1_receipt_00272_1": 1.0, "7_green_receipt_00272_1": 0.4, "8_tea_receipt_00272_1": 0.6666666666666666, "0_PAKET_receipt_00489_0": 0.2, "1_69,091_receipt_00489_0": 0.0, "2_1_receipt_00489_0": 1.0, "3_BER2_receipt_00489_0": 0.25, "0_:_63_0": 1.0, "1_Tel_63_0": 0.0, "2_17000_63_0": 0.0, "3_LA_63_0": 0.0, "4_ROCHELLE_63_0": 0.0, "5_33_63_0": 0.0, "6_RUE_63_0": 0.0, "7_DE_63_0": 0.0, "8_LA_63_0": 0.5, "9_SCIERIE_63_0": 0.0, "10_CRF-CITY_63_0": 0.0, "11_LA_63_0": 0.0, "12_ROCHELLE_63_0": 0.0, "0_BCA_receipt_00754_1": 1.0, "1_DEBIT_receipt_00754_1": 0.6, "2_301,003_receipt_00754_1": 1.0, "3_1_receipt_00754_1": 2.0, "4_Mush_receipt_00754_1": 1.0, "5_Fritters_receipt_00754_1": 0.25, "6_22727_receipt_00754_1": 1.0, "7_2_receipt_00754_1": 1.0, "8_FF_receipt_00754_1": 1.0, "9_SoftDrink_receipt_00754_1": 0.4444444444444444, "10_(M)_receipt_00754_1": 1.3333333333333333, "11_30910_receipt_00754_1": 0.8, "12_4_receipt_00754_1": 2.0, "13_Steam_receipt_00754_1": 0.4, "14_Rice_receipt_00754_1": 0.25, "15_29092_receipt_00754_1": 0.8, "16_5_receipt_00754_1": 1.0, "17_Plain_receipt_00754_1": 0.0, "18_Flavour_receipt_00754_1": 0.2857142857142857, "19_5_receipt_00754_1": 2.0, "20_Atomic_receipt_00754_1": 0.3333333333333333, "21_Blast_receipt_00754_1": 0.2, "22_5_receipt_00754_1": 2.0, "23_Red_receipt_00754_1": 1.0, "24_Hot_receipt_00754_1": 0.0, "25_Cajun_receipt_00754_1": 1.0, "26_5_receipt_00754_1": 2.0, "27_Summer_receipt_00754_1": 0.6666666666666666, "28_Spice_receipt_00754_1": 0.8, "29_Spice_receipt_00754_1": 1.0, "30_5_receipt_00754_1": 1.0, "31_Asian_receipt_00754_1": 0.8, "32_5_receipt_00754_1": 1.0, "33_Bogo_receipt_00754_1": 0.75, "34_(5)_receipt_00754_1": 1.0, "35_Boneless_receipt_00754_1": 0.25, "36_0_receipt_00754_1": 1.0, "37_1oz_receipt_00754_1": 1.0, "38_Ranch_receipt_00754_1": 0.8, "39_2_receipt_00754_1": 1.0, "40_Honey_receipt_00754_1": 0.4, "41_mustard_receipt_00754_1": 0.5714285714285714, "42_1oz_receipt_00754_1": 1.0, "43_3_receipt_00754_1": 1.0, "44_25_receipt_00754_1": 1.5, "45_Louisiana_receipt_00754_1": 0.3333333333333333, "46_Rub_receipt_00754_1": 1.0, "47_5_receipt_00754_1": 1.0, "48_Crunchy_receipt_00754_1": 0.7142857142857143, "49_Wings(5)_receipt_00754_1": 0.375, "50_Luisiana_receipt_00754_1": 0.375, "51_190910_receipt_00754_1": 0.6666666666666666, "0_MERCI_65_1": 0.0, "1_DE_65_1": 0.0, "2_VOTRE_65_1": 0.0, "3_VISITE_65_1": 0.0, "4_003_65_1": 0.0, "5_000039_65_1": 0.0, "6_17/02/2016_65_1": 0.0, "7_13:20:01_65_1": 0.0, "8_CARTE_65_1": 0.0, "9_BANCAIRE_65_1": 0.0, "10_EMV_65_1": 0.3333333333333333, "11_EUR_65_1": 0.0, "12_6.70\u20ac_65_1": 0.0, "13_3_65_1": 0.0, "14_(S)_65_1": 0.3333333333333333, "15_ANTICLE_65_1": 0.14285714285714285, "16_TOTAL_65_1": 0.0, "17_PAYER_65_1": 0.0, "18_A_65_1": 1.0, "19_6.70\u20ac_65_1": 0.4, "20_MATIN_65_1": 0.4, "21_LEGER_65_1": 0.0, "22_1/2ECR_65_1": 0.0, "23_0.98\u20ac_65_1": 0.4, "24_CHOCOBREAK_65_1": 0.0, "25_80_65_1": 0.5, "26_MDC_65_1": 1.0, "27_3.46\u20ac_65_1": 0.4, "28_NUFFINS_65_1": 0.14285714285714285, "29_2356_65_1": 0.25, "30_CHOCO_65_1": 0.0, "31_2.26\u20ac_65_1": 0.4, "32_DESCRPTION_65_1": 0.1, "33_QTE_65_1": 0.6666666666666666, "34_MONTANT_65_1": 0.2857142857142857, "0_A_507_2": 0.0, "1_BIENTOT_507_2": 0.0, "2_visite_507_2": 0.0, "3_Vous_507_2": 0.0, "4_remercie_507_2": 0.0, "5_de_507_2": 0.0, "6_votre_507_2": 0.0, "7_CARREFOUR_507_2": 0.0, "8_MARKET_507_2": 0.0, "9_AYTRE_507_2": 0.0, "0_DESCRIPTION_357_0": 0.0, "1_QTE_357_0": 0.3333333333333333, "2_MONTANT_357_0": 0.2857142857142857, "3_Tel_357_0": 0.0, "4_17000_357_0": 0.0, "5_LA_357_0": 0.5, "6_ROCHELLE_357_0": 0.0, "7_33_357_0": 0.0, "8_RUE_357_0": 0.0, "9_DE_357_0": 0.0, "10_LA_357_0": 0.0, "11_SCIERIE_357_0": 0.0, "12_CRF-CITY_357_0": 0.0, "13_ROCHELLE_357_0": 0.0, "14_LA_357_0": 0.5, "0_CASH_receipt_00093_1": 0.0, "1_100,000_receipt_00093_1": 0.0, "0_:_461_1": 1.0, "1_Carte_461_1": 0.0, "2_CB_461_1": 0.0, "3_6.14\u20ac_461_1": 0.4, "4_CONTACT_461_1": 0.0, "5_EMV_461_1": 0.3333333333333333, "6_SANS_461_1": 0.0, "7_EUR_461_1": 0.0, "8_ARTICLE(S)_461_1": 0.0, "9_3_461_1": 0.0, "10_TOTAL_461_1": 0.0, "11_PAYER_461_1": 0.0, "12_A_461_1": 1.0, "13_6.14\u20ac_461_1": 0.2, "14_0.140kg_461_1": 0.2857142857142857, "15_1.95\u20ac/kg_461_1": 0.125, "16_x_461_1": 0.0, "17_*BANANE_461_1": 0.14285714285714285, "18_0.27\u20ac_461_1": 0.4, "19_*320G_461_1": 0.2, "20_SALADE_461_1": 0.16666666666666666, "21_ANTIBE_461_1": 0.0, "22_3.74\u20ac_461_1": 0.4, "23_*150G_461_1": 0.2, "24_GHLEITE_461_1": 0.14285714285714285, "25_HVUIH_461_1": 0.6, "26_2.13\u20ac_461_1": 0.4, "0_Vignette(s)_571_3": 0.0, "1_par_571_3": 0.0, "2_operation_571_3": 0.0, "3_Bravo_571_3": 0.0, "4_avez_571_3": 0.0, "5_cumule_571_3": 0.0, "6_vous_571_3": 0.0, "7_1.0_571_3": 0.0, "0_\u20ac_764_0": 1.0, "1_3,99_764_0": 0.25, "2_7,98_764_0": 0.25, "3_\u20ac_764_0": 0.0, "4_*Soupe_764_0": 0.0, "5_Shabu_764_0": 0.0, "6_CE_764_0": 0.0, "7_7,98_764_0": 0.5, "8_3,99_764_0": 0.25, "9_2_764_0": 0.0, "10_\u20ac_764_0": 1.0, "11_*Soupe_764_0": 0.16666666666666666, "12_Kiew_764_0": 0.25, "13_Wan_764_0": 0.0, "14_L'enseigne_764_0": 0.3, "15_preferee_764_0": 0.0, "16_Francais_764_0": 0.0, "17_des_764_0": 0.0, "18_0546095376_764_0": 0.0, "19_17140_764_0": 0.0, "20_LAGORD_764_0": 0.0, "21_AVENUE_764_0": 0.0, "22_DU_764_0": 1.5, "23_FIEF_764_0": 0.0, "24_ROSE_764_0": 0.0, "25_-_764_0": 1.0, "26_371_764_0": 1.0, "27_PICARD_764_0": 0.0, "28_SURGELES_764_0": 0.0, "29_SAS_764_0": 0.0, "0_(S)_497_2": 1.0, "1_24.93\u20ac_497_2": 0.3333333333333333, "2_TOTAL_497_2": 0.0, "3_A_497_2": 0.0, "4_PAYER_497_2": 0.0, "5_14_497_2": 0.5, "6_ARTICLE_497_2": 0.0, "7_AVANTAGES_497_2": 0.1111111111111111, "8_JOUR_497_2": 0.0, "9_-1.17\u20ac_497_2": 0.3333333333333333, "10_TOTAL_497_2": 0.0, "11_DES_497_2": 0.0, "12_DU_497_2": 1.0, "13_-1.17\u20ac_497_2": 0.3333333333333333, "14_TOTAL_497_2": 0.0, "15_REMISES_497_2": 0.14285714285714285, "16_IMMEDIATES_497_2": 0.3, "17_ARTICLE_497_2": 0.0, "18_AVANT_497_2": 0.0, "19_RENISES_497_2": 0.14285714285714285, "20_26.10\u20ac_497_2": 0.3333333333333333, "21_(S)_497_2": 1.0, "22_TOTAL_497_2": 0.0, "23_14_497_2": 0.5, "24_5.40\u20ac_497_2": 0.4, "25_ALIMENTAIRE_497_2": 0.18181818181818182, "26_TOTAL_497_2": 0.0, "27_NON_497_2": 0.6666666666666666, "28_0.75\u20ac_497_2": 0.4, "29_CAISSE_497_2": 0.0, "30_SAC_497_2": 0.0, "31_DE_497_2": 0.0, "32_4.65\u20ac_497_2": 0.4, "33_CASSEROLE_497_2": 0.0, "34_18CM_497_2": 0.5, "35_PP_497_2": 1.5, "36_/_497_2": 1.0, "37_HYGIENE_497_2": 0.14285714285714285, "38_2.40\u20ac_497_2": 0.4, "39_BEAUTE_497_2": 0.0, "40_SANTE_497_2": 0.0, "41_TOTAL_497_2": 0.0, "0_NETS_604_2": 0.0, "1_PRIX_604_2": 0.25, "2_NETS_604_2": 0.0, "3_SERVICE_604_2": 0.0, "4_-_604_2": 0.0, "5_VISITE_604_2": 0.0, "6_VOTRE_604_2": 0.4, "7_DE_604_2": 0.0, "8_VOUS_604_2": 1.0, "9_LES_604_2": 0.0, "10_0027548/001_604_2": 0.09090909090909091, "11_24-Portabl_604_2": 0.1, "12_1-Num:_604_2": 0.16666666666666666, "13_24-Serv:_604_2": 0.0, "14_Cle_604_2": 0.0, "0_1_receipt_00001_0": 1.0, "1_WAGYU_receipt_00001_0": 0.0, "2_RIBEYE_receipt_00001_0": 0.6666666666666666, "3_195,000_receipt_00001_0": 0.0, "4_WELL_receipt_00001_0": 0.25, "5_DONE_receipt_00001_0": 0.25, "6_PEPPER_receipt_00001_0": 0.3333333333333333, "7_165,000_receipt_00001_0": 0.14285714285714285, "8_1_receipt_00001_0": 1.0, "9_AUS_receipt_00001_0": 0.3333333333333333, "10_58,000_receipt_00001_0": 0.0, "11_SPGTHY_receipt_00001_0": 0.5, "12_BOLOGNASE_receipt_00001_0": 0.2222222222222222, "13_1_receipt_00001_0": 3.0, "0_Balance:_664_0": 0.0, "1_68_664_0": 0.0, "2_11:55:28_664_0": 0.0, "3_17-06-2017_664_0": 0.1, "4_Heure:_664_0": 0.16666666666666666, "5_6802372_664_0": 0.0, "6_ticket:_664_0": 0.14285714285714285, "7_Numero_664_0": 0.0, "8_de_664_0": 0.5, "9_Vendeur_664_0": 0.0, "10_Vendeur._664_0": 0.0, "11_5_664_0": 1.0, "12_04_664_0": 0.0, "13_06_664_0": 0.5, "14_28_664_0": 0.0, "15_37_664_0": 1.5, "16_91_664_0": 0.5, "17_29_664_0": 0.5, "18_66_664_0": 1.5, "19_35_664_0": 0.5, "20_69_664_0": 1.5, "21_06_664_0": 0.0, "22_Ballon_664_0": 0.0, "23_17290_664_0": 0.0, "24_Ihotel_664_0": 0.3333333333333333, "25_ville_664_0": 0.0, "26_Rue_664_0": 0.0, "27_de_664_0": 0.0, "28_16_664_0": 0.0, "29_de_664_0": 0.0, "0_ _receipt_00156_0": 2.0, "0_7,273_receipt_00610_0": 0.8, "1_JASMINE_receipt_00610_0": 0.14285714285714285, "2_TEA_receipt_00610_0": 0.3333333333333333, "3_REGULAR_receipt_00610_0": 0.0, "0_VOUS_578_3": 1.0, "1_REMERCIE_578_3": 0.125, "2_DE_578_3": 0.0, "3_VOTRE_578_3": 0.0, "4_VISITE_578_3": 0.0, "0_A_522_2": 0.0, "1_BIENTOT_522_2": 0.0, "2_MERCI_522_2": 0.0, "3_DE_522_2": 0.0, "4_VOTRE_522_2": 0.0, "5_VISITE_522_2": 0.0, "6_0001_522_2": 0.0, "7_005_522_2": 0.0, "8_26/06/2017_522_2": 0.0, "9_000130_522_2": 0.0, "10_12:54:53_522_2": 0.125, "11_:_522_2": 1.0, "12_Carte_522_2": 0.0, "0_MERCI_126_1": 0.0, "1_DE_126_1": 0.0, "2_VOTRE_126_1": 0.0, "3_VISITE_126_1": 0.0, "4_0006_126_1": 0.0, "5_004_126_1": 0.0, "6_000104_126_1": 0.0, "7_07/04/2016_126_1": 0.0, "8_13:09:27_126_1": 0.0, "9_CARTE_126_1": 0.0, "10_BANCAIRE_126_1": 0.0, "11_EMV_126_1": 0.3333333333333333, "12_EUR_126_1": 0.0, "13_4.15\u20ac_126_1": 0.4, "14_(S)_126_1": 0.6666666666666666, "15_2_126_1": 0.0, "16_ARTICLE_126_1": 0.0, "17_TOTAL_126_1": 0.8, "18_A_126_1": 0.0, "19_PAYER_126_1": 0.0, "20_4.15\u20ac_126_1": 0.4, "21_2.95\u20ac/kg_126_1": 0.25, "22_0.2850kg_126_1": 0.125, "23_x_126_1": 2.0, "24_CLEMENTINE_126_1": 0.1, "25_0.84\u20ac_126_1": 0.4, "26_300G_126_1": 0.25, "27_MOUSSAKA_126_1": 0.125, "28_BARQ_126_1": 0.25, "29_3.31\u20ac_126_1": 0.4, "0_ _receipt_00293_0": 10.0, "0_:_809_1": 1.0, "1_VOTRE_809_1": 0.2, "2_SOLDE_809_1": 0.0, "3_CARTE_809_1": 0.0, "4_PRECEDENT_809_1": 0.0, "5_80,56_809_1": 0.2, "6_\u20ac_809_1": 0.0, "7_U_809_1": 1.0, "8_\u20ac_809_1": 0.0, "9_9.50_809_1": 0.0, "10_HONTANT_809_1": 0.0, "11_ACHATS_809_1": 0.0, "12_\u20ac_809_1": 0.0, "13_1_809_1": 2.0, "14_0,10_809_1": 0.25, "15_GRACE_809_1": 0.0, "16_\u20ac_809_1": 0.0, "17_A_809_1": 1.0, "18_VOTRE_809_1": 0.0, "19_AVANTAGE_809_1": 0.25, "20_VISITE_809_1": 0.0, "21_0,10_809_1": 0.25, "22_\u20ac_809_1": 0.0, "23_VOS_809_1": 1.0, "24_CARTE_809_1": 0.0, "25_ACHAT_809_1": 0.0, "26_\u20ac_809_1": 0.0, "27_U_809_1": 1.0, "28_NO_809_1": 1.0, "29_LHKTE_809_1": 0.4, "30_6939XXXXX80728_809_1": 0.7142857142857143, "31_:_809_1": 1.0, "32_CODE_809_1": 0.5, "33_MAGASIN_809_1": 0.5714285714285714, "34_32313_809_1": 0.0, "35_VOS_809_1": 1.0, "36_AVANTAGES_809_1": 0.2222222222222222, "37_CARTE_809_1": 0.0, "38_U_809_1": 1.0, "39_13/_809_1": 0.3333333333333333, "40_Taux_809_1": 0.25, "41_Nornal_809_1": 0.3333333333333333, "42_20%_809_1": 0.0, "43_1.58_809_1": 0.25, "44_\u20ac_809_1": 1.0, "45_=_809_1": 1.0, "46_CARTE_809_1": 0.0, "47_BANCAIRE_809_1": 0.125, "48_EUR_809_1": 0.0, "49_9,50_809_1": 0.25, "50_\u20ac_809_1": 0.0, "51_TOTAL_809_1": 0.0, "52_Article(s)_809_1": 0.0, "53_10_809_1": 0.0, "54_9,50_809_1": 0.75, "55_\u20ac_809_1": 0.0, "0_ _receipt_00561_0": 4.0, "0_A_557_2": 0.0, "1_BIENTOT_557_2": 0.0, "0_MERCI_702_1": 0.2, "1_POUR_702_1": 0.0, "2_VOTRE_702_1": 0.0, "3_VISITE_702_1": 0.0, "4_*****_702_1": 1.0, "5_*****_702_1": 1.0, "6_Montant:_702_1": 0.125, "7_25,99_702_1": 0.2, "8_EUR_702_1": 0.0, "9_24-03-17_702_1": 0.125, "10_Date:_702_1": 0.4, "11_Heure:_702_1": 0.16666666666666666, "12_16_702_1": 0.0, "13_49:2_702_1": 1.0, "14_Num:_702_1": 0.25, "15_Autorisation_702_1": 0.16666666666666666, "16_243720_702_1": 0.0, "17_Num._702_1": 0.25, "18_Operation_702_1": 0.0, "19_S/N:._702_1": 0.4, "20_90127702_702_1": 0.0, "21_EMV_702_1": 0.0, "22_Num_702_1": 1.6666666666666667, "23_Carte:_702_1": 0.16666666666666666, "24_VENTE_702_1": 0.0, "25_EMV_702_1": 0.6666666666666666, "26_AXIS_702_1": 0.25, "27_FUR_702_1": 0.0, "28_25,99_702_1": 0.2, "29_Total_702_1": 0.0, "30_1_702_1": 0.0, "31_25,99_702_1": 0.2, "0_BIENTOT_386_2": 0.0, "1_MERCI_386_2": 0.0, "2_DE_386_2": 0.0, "3_VOTRE_386_2": 0.0, "4_VISITE_386_2": 0.0, "5_0001_386_2": 0.25, "6_21/03/2017_386_2": 0.0, "7_004_386_2": 0.3333333333333333, "8_000586_386_2": 0.0, "9_19:28:21_386_2": 0.0, "10_produits_386_2": 0.0, "11_5%_386_2": 0.0, "12_Carrefou_386_2": 0.0, "13_0.05\u20ac_386_2": 0.4, "14_Details:_386_2": 0.0, "15_compte_386_2": 0.0, "16_votre_386_2": 0.0, "17_fidelite_386_2": 0.0, "18_Carrefour._386_2": 0.1, "19_vous_386_2": 0.0, "20_auriez_386_2": 0.0, "21_cumule_386_2": 0.0, "22_0.05\u20ac_386_2": 0.4, "23_sur_386_2": 0.0, "24_fidelite,_386_2": 0.0, "25_vous_386_2": 0.0, "26_aviez_386_2": 0.0, "27_la_386_2": 0.0, "28_carte_386_2": 0.0, "29_Votre_386_2": 0.0, "30_Monnaie_386_2": 0.0, "31_-22.72\u20ac_386_2": 0.2857142857142857, "0_ _receipt_00691_0": 3.0, "0_UB TOTAL_receipt_00485_0": 0.125, "1_17,000_receipt_00485_0": 0.16666666666666666, "2_1_receipt_00485_0": 1.0, "3_17,000_receipt_00485_0": 0.0, "4_17,000_receipt_00485_0": 0.0, "5_TRIPPLE_receipt_00485_0": 0.0, "6_CHEESE_receipt_00485_0": 0.0, "0_QTE_206_0": 0.0, "1_DESIGNATION_206_0": 0.0, "2_MONTANT_206_0": 0.0, "3_Reprise_206_0": 0.2857142857142857, "4_02411761_206_0": 0.125, "5_SELF_206_0": 0.0, "6_SCANNING_206_0": 0.0, "7_TRX:_206_0": 0.25, "8_Lundi_206_0": 0.2, "9_au_206_0": 0.0, "10_samedi_206_0": 0.5, "11_de_206_0": 0.5, "12_8h30_206_0": 0.75, "13_a_206_0": 0.0, "14_21h00_206_0": 0.0, "15_TEl:_206_0": 0.75, "16_05_206_0": 0.5, "17_46_206_0": 1.0, "18_51_206_0": 0.5, "19_23_206_0": 0.0, "20_79_206_0": 0.5, "0_Debit_receipt_00314_1": 0.0, "1_Card:_receipt_00314_1": 0.2, "2_59,998_receipt_00314_1": 0.3333333333333333, "3_PB1:_receipt_00314_1": 0.25, "4_5,454_receipt_00314_1": 0.0, "5_SubTotal:_receipt_00314_1": 0.0, "6_54,544_receipt_00314_1": 0.0, "7_2_receipt_00314_1": 0.0, "8_Nutella_receipt_00314_1": 0.0, "9_Cheese_receipt_00314_1": 0.16666666666666666, "10_54,544_receipt_00314_1": 0.0, "0_Merci_611_1": 0.0, "1_et_611_1": 0.0, "2_a_611_1": 0.0, "3_bientot._611_1": 0.125, "4_Hote(sse)_611_1": 0.0, "5_:CAISSE_611_1": 0.14285714285714285, "6_1_611_1": 0.0, "7_Magasin_611_1": 0.0, "8_Caisse_611_1": 0.0, "9_Ndeg:01_611_1": 0.42857142857142855, "10_Ndeg:02_611_1": 0.42857142857142855, "11_Ticket_611_1": 0.0, "12_05/07/2017_611_1": 0.0, "13_Mercredi_611_1": 0.125, "14_a_611_1": 1.0, "15_14:54_611_1": 0.0, "16_RENDU_611_1": 0.0, "17_5.20_611_1": 0.0, "18_ESPECES_611_1": 0.0, "19_10.00_611_1": 0.0, "20_Dont_611_1": 0.0, "21_TVA_611_1": 0.0, "22_19.60_611_1": 0.0, "23_0.80_611_1": 0.0, "0_:_153_0": 1.0, "1_Tel_153_0": 0.0, "2_LA_153_0": 0.0, "3_17000_153_0": 0.0, "4_ROCHELLE_153_0": 0.0, "5_33_153_0": 0.0, "6_RUE_153_0": 0.0, "7_DE_153_0": 0.0, "8_LA_153_0": 0.0, "9_SCIERIE_153_0": 0.0, "10_ROCHELLE_153_0": 0.0, "11_CRF-CITY_153_0": 0.0, "12_LA_153_0": 0.0, "0_0.526_66_1": 0.4, "1_HIE_66_1": 0.0, "2_MOELL.CRF_66_1": 0.2222222222222222, "3_PAIN_66_1": 0.5, "4_1.28\u20ac_66_1": 0.4, "5_OLIVE_66_1": 0.0, "6_NRE_66_1": 0.3333333333333333, "7_GRECQUE_66_1": 0.2857142857142857, "8_0.7950kg_66_1": 0.0, "9_2.95\u20ac/kg_66_1": 0.375, "10_x_66_1": 1.0, "11_2.35\u20ac_66_1": 0.4, "12_MANDARINE_66_1": 0.3333333333333333, "13_2.12\u20ac_66_1": 0.4, "14_LASAGNE_66_1": 0.0, "15_BARILLA_66_1": 0.0, "16_0.60\u20ac_66_1": 0.4, "17_FARINE_66_1": 0.0, "18_BLE_66_1": 0.0, "19_T45_66_1": 0.0, "20_0.97\u20ac_66_1": 0.4, "21_EMMENTAL_66_1": 0.125, "22_RAPE_66_1": 0.0, "23_1006_66_1": 0.25, "24_2.80\u20ac_66_1": 0.4, "25_CRF_66_1": 0.0, "26_AGI_66_1": 0.3333333333333333, "27_ECOSAC_66_1": 0.0, "28_CABAS_66_1": 0.0, "29_0.81\u20ac_66_1": 0.4, "30_LAVANTE_66_1": 0.0, "31_PECH_66_1": 0.0, "32_CREME_66_1": 0.2, "33_0.75\u20ac_66_1": 0.4, "34_CR_66_1": 0.0, "35_CHAMPI.PIED_66_1": 0.18181818181818182, "36_MCX_66_1": 0.6666666666666666, "37_0.6350kg_66_1": 0.0, "38_1.95\u20ac/kg_66_1": 0.25, "39_x_66_1": 0.0, "40_1.24\u20ac_66_1": 0.4, "41_BANANE_66_1": 0.3333333333333333, "42_1.43\u20ac_66_1": 0.4, "43_ALUMINIUM*****_66_1": 0.6428571428571429, "44_30H_66_1": 0.0, "45_MONTANT_66_1": 0.14285714285714285, "46_QTE_66_1": 0.6666666666666666, "47_DESCRIPTION_66_1": 0.0, "0_22.000_receipt_00354_1": 0.16666666666666666, "1_endered:_receipt_00354_1": 0.125, "2_22.000_receipt_00354_1": 0.0, "3_otal._receipt_00354_1": 0.2, "4_2_receipt_00354_1": 2.0, "5_Item:_receipt_00354_1": 0.0, "6_Total_receipt_00354_1": 0.0, "7_0_receipt_00354_1": 2.0, "8_x1_receipt_00354_1": 0.5, "9_0_receipt_00354_1": 1.0, "10_Bag_receipt_00354_1": 0.3333333333333333, "11_Small_receipt_00354_1": 0.2, "12_22.000_receipt_00354_1": 0.0, "13_22.000_receipt_00354_1": 0.0, "14_x1_receipt_00354_1": 1.5, "0_CB_421_1": 0.0, "1_EMV_421_1": 0.3333333333333333, "2_SANS_421_1": 0.0, "3_CONTACT_421_1": 0.0, "4_EUR_421_1": 0.0, "5_7.90\u20ac_421_1": 0.4, "6_5_421_1": 0.0, "7_ARTICLE_421_1": 0.0, "8_(S)_421_1": 0.6666666666666666, "9_TOTAL_421_1": 0.2, "10_A_421_1": 0.0, "11_PAYER_421_1": 0.0, "12_7.90\u20ac_421_1": 0.4, "13_0.390kg_421_1": 0.14285714285714285, "14_2.95\u20ac/kg_421_1": 0.25, "15_x_421_1": 1.0, "16_*POMME_421_1": 0.5, "17_CHANTECLERC_421_1": 0.0, "18_1.15\u20ac_421_1": 0.4, "19_0.440kg_421_1": 0.14285714285714285, "20_2.95\u20ac/kg_421_1": 0.25, "21_x_421_1": 1.0, "22_*CLEMENTINE_421_1": 0.09090909090909091, "23_1.30\u20ac_421_1": 0.4, "24_0.175kg_421_1": 0.14285714285714285, "25_x_421_1": 1.0, "26_1.95\u20ac/kg_421_1": 0.375, "27_*BANANE_421_1": 0.14285714285714285, "28_0.34\u20ac_421_1": 0.6, "29_*320G_421_1": 0.6, "30_SALADE_421_1": 0.0, "31_ANTIBE_421_1": 0.16666666666666666, "32_3.74\u20ac_421_1": 0.4, "33_*200G_421_1": 0.4, "34_TABOULE_421_1": 0.0, "35_ORIEN_421_1": 0.0, "36_1.37\u20ac_421_1": 0.4, "0_CARREFOUR_200_3": 0.0, "1_CITY_200_3": 0.0, "2_VOUS_200_3": 1.0, "3_REMERCIE_200_3": 0.0, "0_:_535_1": 1.0, "1_Carte_535_1": 0.0, "2_CONTACT_535_1": 0.0, "3_12.51\u20ac_535_1": 0.3333333333333333, "4_CB_535_1": 0.5, "5_EMV_535_1": 0.3333333333333333, "6_SANS_535_1": 0.0, "7_EUR_535_1": 0.0, "8_5_535_1": 0.0, "9_12.51\u20ac_535_1": 0.3333333333333333, "10_(S)_535_1": 0.6666666666666666, "11_TOTAL_535_1": 0.0, "12_A_535_1": 0.0, "13_PAYER_535_1": 0.0, "14_ARTICLE_535_1": 0.0, "15_OSEILLE/RIZ_535_1": 0.0, "16_4.18\u20ac_535_1": 0.4, "17_*SAUMON_535_1": 0.14285714285714285, "18_80%_535_1": 0.0, "19_*80G_535_1": 0.5, "20_CHOC_535_1": 0.0, "21_NOIR_535_1": 0.0, "22_1.08\u20ac_535_1": 0.4, "23_*280G_535_1": 0.2, "24_AIGUILLET_535_1": 0.1111111111111111, "25_POULE_535_1": 0.0, "26_4.05\u20ac_535_1": 0.4, "27_*2006_535_1": 0.2, "28_CAROTTE_535_1": 0.14285714285714285, "29_RAPE_535_1": 0.0, "30_BI_535_1": 0.5, "31_2x_535_1": 1.5, "32_1.60_535_1": 0.0, "33_3.20\u20ac_535_1": 0.4, "0_0,99_653_0": 0.25, "1_A_653_0": 0.0, "2_Carotte_653_0": 0.0, "3_EUR/kg_653_0": 0.16666666666666666, "4_kg_653_0": 0.0, "5_2,49_653_0": 0.25, "6_0,736_653_0": 0.0, "7_x_653_0": 1.0, "8_1,83_653_0": 0.25, "9_A_653_0": 0.0, "10_Vrac_653_0": 0.0, "11_Poire_653_0": 0.0, "12_EUR/kg_653_0": 0.16666666666666666, "13_1,89_653_0": 0.25, "14_0,656_653_0": 0.0, "15_kg_653_0": 0.0, "16_x_653_0": 1.0, "17_1,24_653_0": 0.25, "18_A_653_0": 0.0, "19_Golden_653_0": 0.0, "20_vrac_653_0": 0.0, "21_Pomme_653_0": 0.0, "22_EUR/kg_653_0": 0.0, "23_kg_653_0": 0.5, "24_2,99_653_0": 0.75, "25_0,232_653_0": 0.0, "26_x_653_0": 1.0, "27_0,69_653_0": 0.25, "28_A_653_0": 0.0, "29_rouge_653_0": 0.0, "30_Poivron_653_0": 0.0, "31_vrac_653_0": 0.0, "32_EUR_653_0": 0.0, "33_:_653_0": 1.0, "34_21h00_653_0": 0.0, "35_Samedi_653_0": 0.0, "36_8h00_653_0": 0.75, "37_Lundi_653_0": 0.0, "38_Paris_653_0": 0.0, "39_75015_653_0": 0.0, "40_Labrouste_653_0": 0.0, "41_Henri_653_0": 0.0, "42_Rue_653_0": 0.0, "43_24_653_0": 0.0, "44_1063_653_0": 0.0, "45_Labrouste_653_0": 0.0, "46_Paris_653_0": 0.0, "0_Carrefour._382_1": 0.0, "1_votre_382_1": 0.0, "2_0.20\u20ac_382_1": 0.4, "3_vous_382_1": 0.0, "4_sur_382_1": 0.0, "5_auriez_382_1": 0.0, "6_cumule_382_1": 0.16666666666666666, "7_fidelite,_382_1": 0.0, "8_aviez_382_1": 0.0, "9_la_382_1": 0.0, "10_carte_382_1": 0.0, "11_-16.94\u20ac_382_1": 0.2857142857142857, "12_Monnaie_382_1": 0.0, "13_Votre_382_1": 0.0, "14_20.00\u20ac_382_1": 0.3333333333333333, "15_EUR_382_1": 0.0, "16_ESPECES_382_1": 0.0, "17_3.06\u20ac_382_1": 0.0, "18_PAYER_382_1": 0.0, "19_ARTICLE(S)_382_1": 0.1, "20_TOTAL_382_1": 0.8, "21_A_382_1": 1.0, "22_2_382_1": 0.0, "23_1.70\u20ac_382_1": 0.4, "24_12POR_382_1": 0.2, "25_UI_382_1": 1.0, "26_RIT_382_1": 0.3333333333333333, "27_*VACH._382_1": 0.3333333333333333, "28_1.36\u20ac_382_1": 0.4, "29_VANILL_382_1": 0.16666666666666666, "30_RINCE_382_1": 0.0, "31_*3006_382_1": 0.2, "32_MONTANT_382_1": 0.14285714285714285, "33_QTE_382_1": 1.0, "34_DESCRIPTION_382_1": 0.2727272727272727, "0_144,000_receipt_00475_0": 0.42857142857142855, "1_1_receipt_00475_0": 1.0, "2_UDG_receipt_00475_0": 1.6666666666666667, "3_PREM_receipt_00475_0": 0.75, "4_LUMPIA_receipt_00475_0": 0.3333333333333333, "5_=*MEDIUM*=_receipt_00475_0": 0.7, "6_PUTIH_receipt_00475_0": 0.4, "7_90,000_receipt_00475_0": 0.16666666666666666, "8_1_receipt_00475_0": 1.0, "9_POCAI_receipt_00475_0": 0.6, "10_BWG_receipt_00475_0": 1.3333333333333333, "11_=*MEDIUM*=_receipt_00475_0": 0.6, "12_JMR_receipt_00475_0": 0.6666666666666666, "13_PC_receipt_00475_0": 1.0, "14_1_receipt_00475_0": 1.0, "15_147,000_receipt_00475_0": 0.5714285714285714, "16_AGSIO_receipt_00475_0": 0.2, "17_TH_receipt_00475_0": 1.0, "18_=*MEDIUM*=_receipt_00475_0": 0.6, "19_1_receipt_00475_0": 1.0, "20_TEPUNG_receipt_00475_0": 0.5, "21_GR_receipt_00475_0": 2.0, "22_129,000_receipt_00475_0": 0.0, "23_CUMI_receipt_00475_0": 0.75, "24_=*MEDIUM*=_receipt_00475_0": 0.5, "25_129,000_receipt_00475_0": 0.0, "26_JUNJAN_receipt_00475_0": 1.0, "27_CUMI_receipt_00475_0": 1.0, "28_GR_receipt_00475_0": 1.0, "29_1_receipt_00475_0": 2.0, "30_IKAN_receipt_00475_0": 0.75, "31_SOP_receipt_00475_0": 1.0, "32_1_receipt_00475_0": 1.0, "33_IKAN_receipt_00475_0": 0.5, "34_GURAME_receipt_00475_0": 0.3333333333333333, "35_158,000_receipt_00475_0": 0.0, "36_MED_receipt_00475_0": 0.3333333333333333, "0_CHANGE_receipt_00146_1": 0.16666666666666666, "1_0_receipt_00146_1": 0.0, "2_Card_receipt_00146_1": 0.25, "3_564,425_receipt_00146_1": 0.2857142857142857, "4_TOTAL_receipt_00146_1": 0.0, "5_564,425_receipt_00146_1": 0.0, "6_Discount_receipt_00146_1": 0.125, "7_0_receipt_00146_1": 0.0, "8_Tax_receipt_00146_1": 0.0, "9_48,685_receipt_00146_1": 0.0, "0_@_X51005230657_0": 0.0, "1_CABLE_X51005230657_0": 0.0, "2_CLIPS_X51005230657_0": 0.6, "3_3_X51005230657_0": 0.0, "4_5000_X51005230657_0": 0.0, "5_1_X51005230657_0": 0.0, "6_3.71_X51005230657_0": 0.25, "7_B-C/CLIP_X51005230657_0": 0.375, "8_8MM_X51005230657_0": 0.3333333333333333, "9_100PCS_X51005230657_0": 0.0, "10_SR_X51005230657_0": 0.0, "11_R&_X51005230657_0": 0.0, "12_X_X51005230657_0": 1.0, "13_CONNECTOR_X51005230657_0": 0.1111111111111111, "14_@_X51005230657_0": 0.0, "15_PVC_X51005230657_0": 0.0, "16_1.8000_X51005230657_0": 0.0, "17_1.91_X51005230657_0": 0.25, "18_15A_X51005230657_0": 0.0, "19_SR_X51005230657_0": 0.5, "20_@_X51005230657_0": 0.0, "21_1.7000_X51005230657_0": 0.16666666666666666, "22_1_X51005230657_0": 0.0, "23_1.80_X51005230657_0": 0.0, "24_SR_X51005230657_0": 0.0, "25_PVC_X51005230657_0": 0.0, "26_CONDUIT_X51005230657_0": 0.0, "27_PIPE_X51005230657_0": 0.0, "28_20MM_X51005230657_0": 0.5, "29_HERO_X51005230657_0": 0.0, "30_Qty_X51005230657_0": 0.0, "31_RM_X51005230657_0": 0.0, "32_Tax_X51005230657_0": 0.0, "33_BTG-050036_X51005230657_0": 0.0, "34_No._X51005230657_0": 0.0, "35_Invoice_X51005230657_0": 0.0, "36_Tax_X51005230657_0": 0.0, "37_GST_X51005230657_0": 0.6666666666666666, "38_ID_X51005230657_0": 0.0, "39_001151500288_X51005230657_0": 0.0, "40_9688_X51005230657_0": 0.0, "41_Fax_X51005230657_0": 0.0, "42_03-6057_X51005230657_0": 0.0, "43_9678_X51005230657_0": 0.0, "44_Tel_X51005230657_0": 0.0, "45_03-6057_X51005230657_0": 0.0, "46_KALI,_X51005230657_0": 0.4, "47_SELANGOR._X51005230657_0": 0.0, "48_44300_X51005230657_0": 0.0, "49_BATANG_X51005230657_0": 0.0, "50_KALI,_X51005230657_0": 0.2, "51_BATANG_X51005230657_0": 0.0, "52_BANDAR_X51005230657_0": 0.0, "53_UTAMA_X51005230657_0": 0.0, "54_1,_X51005230657_0": 0.5, "55_3,_X51005230657_0": 0.0, "56_47,_X51005230657_0": 0.0, "57_MERANTI_X51005230657_0": 0.0, "58_SEK._X51005230657_0": 0.0, "59_JALAN_X51005230657_0": 0.0, "60_CHANNEL_X51005230657_0": 0.0, "61_BHD._X51005230657_0": 0.25, "62_CROSS_X51005230657_0": 0.0, "63_NETWORK_X51005230657_0": 0.0, "64_SDN._X51005230657_0": 0.0, "0_CASH_receipt_00270_1": 0.0, "1_TOTAL_receipt_00270_1": 0.0, "0_ _receipt_00224_0": 2.0, "0_Tendered:_receipt_00587_1": 0.3333333333333333, "1_20.000,00_receipt_00587_1": 0.1111111111111111, "2_Cash_receipt_00587_1": 0.25, "3_Total._receipt_00587_1": 0.16666666666666666, "4_20.000,00_receipt_00587_1": 0.0, "5_Total_receipt_00587_1": 0.0, "6_Item:_receipt_00587_1": 0.4, "7_2_receipt_00587_1": 0.0, "8_11.000,00_receipt_00587_1": 0.0, "9_11.000,00_receipt_00587_1": 0.0, "10_x1_receipt_00587_1": 1.0, "11_1025-Roti_receipt_00587_1": 0.0, "12_Sosis_receipt_00587_1": 0.4, "13_Sapi_receipt_00587_1": 0.0, "14_9.000,00_receipt_00587_1": 0.0, "15_9.000,00_receipt_00587_1": 0.0, "16_x1_receipt_00587_1": 1.0, "17_1017-Roti_receipt_00587_1": 0.2222222222222222, "18_Pisang_receipt_00587_1": 0.16666666666666666, "19_Keju_receipt_00587_1": 0.25, "0_0004_153_1": 0.0, "1_004_153_1": 0.0, "2_000123_153_1": 0.16666666666666666, "3_07/11/2016_153_1": 0.1, "4_12:18:34_153_1": 0.0, "5_CARTE_153_1": 0.0, "6_BANCAIRE_153_1": 0.0, "7_EMV_153_1": 0.0, "8_EUR_153_1": 0.0, "9_6.22\u20ac_153_1": 0.4, "10_3_153_1": 0.0, "11_ARTICLE_153_1": 0.0, "12_(S)_153_1": 0.6666666666666666, "13_TOTAL_153_1": 0.0, "14_A_153_1": 0.0, "15_PAYER_153_1": 0.0, "16_6.22\u20ac_153_1": 0.4, "17_CARAM.CRF_153_1": 0.3333333333333333, "18_*CREME_153_1": 0.3333333333333333, "19_1.48\u20ac_153_1": 0.4, "20_X4_153_1": 1.0, "21_*COUSCOUS_153_1": 0.0, "22_HAROCAINE_153_1": 0.0, "23_3.65\u20ac_153_1": 0.4, "24_1.99\u20ac/kg_153_1": 0.25, "25_0.550kg_153_1": 0.0, "26_x_153_1": 0.0, "27_*BANANE_153_1": 0.0, "28_1.09\u20ac_153_1": 0.4, "29_DESCRIPTION_153_1": 0.0, "30_QTE_153_1": 0.0, "31_MONTANT_153_1": 0.2857142857142857, "0_DESCRIPTION_433_0": 0.09090909090909091, "1_eTE_433_0": 0.6666666666666666, "2_MONTANT_433_0": 0.42857142857142855, "3_Tel_433_0": 0.0, "4_17000_433_0": 0.0, "5_LA_433_0": 0.0, "6_ROCHELLE_433_0": 0.0, "7_33_433_0": 0.5, "8_RUE_433_0": 0.0, "9_DE_433_0": 0.0, "10_LA_433_0": 0.0, "11_SCIERIE_433_0": 0.0, "12_CRF-CITY_433_0": 0.0, "13_LA_433_0": 0.0, "14_ROCHELLE_433_0": 0.0, "0_BIENTOT_36_2": 0.0, "1_MERCI_36_2": 0.0, "2_DE_36_2": 0.0, "3_VOTRE_36_2": 0.0, "4_VISITE_36_2": 0.0, "5_0003_36_2": 0.0, "6_004_36_2": 1.0, "7_000060_36_2": 0.0, "8_01/03/2017_36_2": 0.0, "9_11:58:41_36_2": 0.0, "0_500,00_receipt_00309_1": 1.0, "1_Change:_receipt_00309_1": 0.5714285714285714, "2_10.000,00_receipt_00309_1": 0.4444444444444444, "3_Tendered:_receipt_00309_1": 0.3333333333333333, "4_Cash_receipt_00309_1": 0.25, "5_9.500,00_receipt_00309_1": 0.0, "6_Total._receipt_00309_1": 0.3333333333333333, "7_Total_receipt_00309_1": 0.2, "8_Item:_receipt_00309_1": 0.6, "9_1_receipt_00309_1": 1.0, "0_GALBISAL_receipt_00277_0": 0.0, "1_YANGNYEOM_receipt_00277_0": 0.0, "2_250,000_receipt_00277_0": 0.0, "3_PREMIUM_receipt_00277_0": 0.0, "4_1_receipt_00277_0": 0.0, "5_GYEOP_receipt_00277_0": 0.0, "6_SAL_receipt_00277_0": 0.0, "7_120,000_receipt_00277_0": 0.0, "8_YANG_receipt_00277_0": 0.0, "9_NYEOM_receipt_00277_0": 0.0, "10_SAM_receipt_00277_0": 1.0, "11_1_receipt_00277_0": 0.0, "12_380,000_receipt_00277_0": 0.0, "13_GANG_receipt_00277_0": 0.0, "14_2_receipt_00277_0": 0.0, "15_DAK_receipt_00277_0": 0.0, "16_JEONG_receipt_00277_0": 0.0, "17_(TUKBEGI)_receipt_00277_0": 0.1111111111111111, "18_SUNDUBU_receipt_00277_0": 0.14285714285714285, "19_HWANGTAE_receipt_00277_0": 0.0, "20_KEUN_receipt_00277_0": 0.0, "21_260,000_receipt_00277_0": 0.0, "22_EL_receipt_00277_0": 0.0, "23_2_receipt_00277_0": 0.0, "24_MINERAL_receipt_00277_0": 0.0, "25_WATER_receipt_00277_0": 0.0, "26_1_receipt_00277_0": 0.0, "27_13,000_receipt_00277_0": 0.0, "28_*_receipt_00277_0": 1.0, "29_(S)_receipt_00277_0": 0.6666666666666666, "30_POKI_receipt_00277_0": 0.0, "31_115,000_receipt_00277_0": 0.0, "32_TEOK_receipt_00277_0": 0.0, "33_JEK_receipt_00277_0": 0.0, "34_SEOK_receipt_00277_0": 0.75, "35_1_receipt_00277_0": 0.0, "36_GYERAN_receipt_00277_0": 0.0, "37_MARI_receipt_00277_0": 0.0, "38_2_receipt_00277_0": 0.0, "39_0_receipt_00277_0": 1.0, "40_120,000_receipt_00277_0": 0.0, "41_GIBAB_receipt_00277_0": 0.2, "42_GONG_receipt_00277_0": 0.0, "43_6_receipt_00277_0": 0.0, "44_SOGOGI_receipt_00277_0": 0.5, "45_JAPCHAE_receipt_00277_0": 0.0, "46_2_receipt_00277_0": 0.0, "47_320,000_receipt_00277_0": 0.0, "0_CASH_receipt_00641_1": 0.25, "1_52,000_receipt_00641_1": 0.0, "0_ _receipt_00021_0": 2.0, "0_CASH_receipt_00346_1": 0.25, "1_50,000_receipt_00346_1": 0.0, "0_:_417_0": 1.0, "1_Tel_417_0": 0.0, "2_17000_417_0": 0.0, "3_LA_417_0": 0.0, "4_ROCHELLE_417_0": 0.0, "5_33_417_0": 0.0, "6_RUE_417_0": 0.0, "7_DE_417_0": 0.0, "8_SCIERIE_417_0": 0.0, "9_LA_417_0": 0.5, "10_CRF-CITY_417_0": 0.0, "11_LA_417_0": 0.5, "12_ROCHELLE_417_0": 0.0, "0_A_0_2": 0.0, "1_BIENTOT_0_2": 0.0, "2_MERCI_0_2": 0.0, "3_VOTRE_0_2": 0.0, "4_DE_0_2": 0.0, "5_VISITE_0_2": 0.0, "0_Vignette(s)_241_3": 0.0, "1_operation_241_3": 0.0, "2_par_241_3": 0.0, "3_Bravo_241_3": 0.0, "4_vous_241_3": 0.0, "5_avez_241_3": 0.0, "6_cumule_241_3": 0.0, "7_4.0_241_3": 0.6666666666666666, "8_BIENTOT_241_3": 0.0, "9_Vous_241_3": 1.0, "10_remercie_241_3": 0.0, "11_de_241_3": 0.0, "12_votre_241_3": 0.0, "13_visite_241_3": 0.0, "14_CARREFOUR_241_3": 0.0, "15_MARKET_241_3": 0.0, "16_AYTRE_241_3": 1.0, "0_SUGAR_receipt_00358_0": 0.0, "1_SLIGHT_receipt_00358_0": 0.16666666666666666, "2_0_receipt_00358_0": 1.0, "3_ICE_receipt_00358_0": 1.0, "4_LESS_receipt_00358_0": 0.25, "5_0_receipt_00358_0": 2.0, "6_x_receipt_00358_0": 1.0, "7_1_receipt_00358_0": 1.0, "8_GJ_receipt_00358_0": 1.0, "9_ROASTED_receipt_00358_0": 0.14285714285714285, "10_(_receipt_00358_0": 2.0, "11_)_receipt_00358_0": 1.0, "12_MT_receipt_00358_0": 1.0, "13_R_receipt_00358_0": 0.0, "14_25,000_receipt_00358_0": 0.0, "0_FOOT_receipt_00077_0": 0.75, "1_11,200_receipt_00077_0": 0.16666666666666666, "2_6_receipt_00077_0": 2.0, "3_2_receipt_00077_0": 0.0, "4_22,400_receipt_00077_0": 0.5, "5_M/POKO_receipt_00077_0": 0.5, "6_17,100_receipt_00077_0": 1.0, "7_STD_receipt_00077_0": 0.6666666666666666, "8_XXL5_receipt_00077_0": 1.0, "9_17,100_receipt_00077_0": 0.5, "10_1_receipt_00077_0": 0.0, "11_Disc._receipt_00077_0": 0.2, "12_-1_receipt_00077_0": 1.0, "13_BRANDING_receipt_00077_0": 0.125, "14_1_receipt_00077_0": 1.0, "15_KP_receipt_00077_0": 1.0, "16_1_receipt_00077_0": 1.0, "17_1_receipt_00077_0": 0.0, "18_L_receipt_00077_0": 1.0, "0_CHANGE_receipt_00506_1": 0.0, "1_30,000_receipt_00506_1": 0.0, "2_CASH_receipt_00506_1": 0.25, "3_50,000_receipt_00506_1": 0.0, "4_TOTAL_receipt_00506_1": 0.0, "5_ICED_receipt_00506_1": 0.0, "6_TT_receipt_00506_1": 1.0, "7_20,000_receipt_00506_1": 0.0, "0_BIENTOT_299_1": 0.0, "1_MERCI_299_1": 0.0, "2_DE_299_1": 0.0, "3_VOTRE_299_1": 0.0, "4_VISITE_299_1": 0.0, "5_003_299_1": 0.0, "6_000105_299_1": 0.0, "7_30/06/2017_299_1": 0.0, "8_11:41:51_299_1": 0.0, "9_CB_299_1": 1.0, "10_EMV_299_1": 0.6666666666666666, "11_SANS_299_1": 0.0, "12_CONTACT_299_1": 0.0, "13_EUR_299_1": 0.0, "14_2.54\u20ac_299_1": 0.4, "15_ATICLE_299_1": 0.3333333333333333, "16_(S)_299_1": 0.6666666666666666, "17_TOTAL_299_1": 0.2, "18_2_299_1": 1.0, "19_A_299_1": 1.0, "20_PAYER_299_1": 0.0, "21_2.54\u20ac_299_1": 0.6, "22_*DUO_299_1": 1.0, "23_RRIN+HOUS.CD_299_1": 0.08333333333333333, "24_1.39\u20ac_299_1": 0.4, "25_BAGUE_299_1": 0.6, "26_TE_299_1": 0.0, "27_PERENE_299_1": 0.0, "28_CERE_299_1": 0.0, "29_1.15\u20ac_299_1": 0.4, "0_Sub_receipt_00373_0": 0.6666666666666666, "1_Total_receipt_00373_0": 0.0, "2_39,545_receipt_00373_0": 0.0, "3_1_receipt_00373_0": 1.0, "4_KFC_receipt_00373_0": 0.6666666666666666, "5_Winger_receipt_00373_0": 0.16666666666666666, "6_HC_receipt_00373_0": 1.5, "7_20,000_receipt_00373_0": 0.3333333333333333, "8_1_receipt_00373_0": 2.0, "9_Lychee_receipt_00373_0": 0.16666666666666666, "10_Float_receipt_00373_0": 0.0, "11_5,909_receipt_00373_0": 0.0, "12_1_receipt_00373_0": 2.0, "13_Bento_receipt_00373_0": 0.0, "14_Barbeque_receipt_00373_0": 0.125, "15_13,636_receipt_00373_0": 0.16666666666666666, "0_15,636_receipt_00521_1": 0.16666666666666666, "1_TAX_receipt_00521_1": 0.6666666666666666, "2_156,364_receipt_00521_1": 0.14285714285714285, "3_SUBTOTAL_receipt_00521_1": 0.125, "4_DEL_receipt_00521_1": 0.0, "5_TEA_receipt_00521_1": 0.3333333333333333, "6_LIPTON_receipt_00521_1": 0.3333333333333333, "7_ICE_receipt_00521_1": 0.0, "8_1_receipt_00521_1": 2.0, "9_DELIGHT_receipt_00521_1": 0.14285714285714285, "10_JUICE_receipt_00521_1": 0.0, "11_ORANGE_receipt_00521_1": 0.16666666666666666, "12_1_receipt_00521_1": 2.0, "13_DEL_receipt_00521_1": 0.6666666666666666, "14_ISL_receipt_00521_1": 1.0, "15_THUOSAND_receipt_00521_1": 0.25, "16_P/P_receipt_00521_1": 0.6666666666666666, "17_1_receipt_00521_1": 1.0, "18_DEL_receipt_00521_1": 0.3333333333333333, "19_FUSILLI_receipt_00521_1": 0.2857142857142857, "20_CRABSTICK_receipt_00521_1": 0.2222222222222222, "21_1_receipt_00521_1": 1.0, "22_DEL_receipt_00521_1": 0.3333333333333333, "23_CHEESE_receipt_00521_1": 0.16666666666666666, "24_BREAD_receipt_00521_1": 0.2, "25_N_receipt_00521_1": 1.0, "26_1_receipt_00521_1": 2.0, "27_69,091_receipt_00521_1": 0.16666666666666666, "28_BER2_receipt_00521_1": 0.25, "29_PAKET_receipt_00521_1": 0.2, "30_1_receipt_00521_1": 1.0, "31_47,273_receipt_00521_1": 0.16666666666666666, "32_LASAGNA_receipt_00521_1": 0.14285714285714285, "33_BEEF_receipt_00521_1": 0.25, "34_NEW_receipt_00521_1": 0.0, "35_1_receipt_00521_1": 1.0, "36_40,000_receipt_00521_1": 0.0, "37_SPAGHETTI_receipt_00521_1": 0.1111111111111111, "38_BEEF_receipt_00521_1": 0.0, "39_NEW_receipt_00521_1": 0.3333333333333333, "40_1_receipt_00521_1": 2.0, "0_BIENTOT_50_2": 0.0, "1_MERCI_50_2": 0.0, "2_DE_50_2": 0.0, "3_VOTRE_50_2": 0.0, "4_VISITE_50_2": 0.0, "5_003_50_2": 0.3333333333333333, "6_000106_50_2": 0.0, "7_17/02/2017_50_2": 0.0, "8_14:17:51_50_2": 0.0, "9_produits_50_2": 0.0, "10_5%_50_2": 0.0, "11_Carrefou_50_2": 0.0, "12_0.04\u20ac_50_2": 0.4, "13_Details:_50_2": 0.0, "14_compte_50_2": 0.0, "15_votre_50_2": 0.0, "16_fidelite_50_2": 0.0, "17_Carrefour._50_2": 0.0, "18_vous_50_2": 0.0, "19_auriez_50_2": 0.0, "20_cumule_50_2": 0.0, "21_0.04\u20ac_50_2": 0.4, "22_sur_50_2": 0.0, "23_la_50_2": 0.0, "24_fidelite,_50_2": 0.0, "25_aviez_50_2": 0.0, "26_carte_50_2": 0.0, "0_MERCI_418_1": 0.0, "1_DE_418_1": 0.0, "2_VOTRE_418_1": 0.0, "3_VISITE_418_1": 0.0, "4_0004_418_1": 0.0, "5_004_418_1": 0.3333333333333333, "6_000596_418_1": 0.16666666666666666, "7_07/04/2017_418_1": 0.0, "8_20:01:19_418_1": 0.0, "9_BANCAIRE_418_1": 0.0, "10_CARTE_418_1": 0.0, "11_EMV_418_1": 0.0, "12_EUR_418_1": 0.0, "13_3.96\u20ac_418_1": 0.4, "14_4_418_1": 1.0, "15_ARTICLE_418_1": 0.0, "16_(S)_418_1": 0.6666666666666666, "17_TOTAL_418_1": 0.0, "18_A_418_1": 2.0, "19_PAYER_418_1": 0.0, "20_3.96\u20ac_418_1": 0.0, "21_*P.J.MULTIFRUITS_418_1": 0.1875, "22_1L_418_1": 1.0, "23_1.96\u20ac_418_1": 0.0, "24_*CRISTALINE_418_1": 0.0, "25_1.5L_418_1": 0.25, "26_0.20\u20ac_418_1": 0.4, "27_*50_418_1": 0.3333333333333333, "28_CL_418_1": 1.0, "29_EAU_418_1": 0.0, "30_0.80\u20ac_418_1": 0.4, "31_*250_418_1": 0.75, "32_GR_418_1": 0.5, "33_BAGUETTE_418_1": 0.0, "34_CRF_418_1": 0.0, "35_1.00\u20ac_418_1": 0.4, "0_produits_437_1": 0.0, "1_5%_437_1": 0.0, "2_Carrefou_437_1": 0.0, "3_0.11\u20ac_437_1": 0.4, "4_Details:_437_1": 0.0, "5_compte_437_1": 0.0, "6_votre_437_1": 0.0, "7_fidelite_437_1": 0.0, "8_Carrefour._437_1": 0.0, "9_vous_437_1": 0.0, "10_auriez_437_1": 0.0, "11_cumule_437_1": 0.0, "12_sur_437_1": 0.0, "13_0.11\u20ac_437_1": 0.4, "14_fidelite,_437_1": 0.0, "15_aviez_437_1": 0.0, "16_la_437_1": 0.0, "17_carte_437_1": 0.0, "18_CB_437_1": 0.5, "19_EMV_437_1": 0.0, "20_SANS_437_1": 0.0, "21_CONTACT_437_1": 0.0, "22_EUR_437_1": 0.0, "23_2.16\u20ac_437_1": 0.4, "24_ARTICLE(S)_437_1": 0.0, "25_PAYER_437_1": 0.0, "26_TOTAL_437_1": 1.0, "27_A_437_1": 0.0, "28_2.16\u20ac_437_1": 0.4, "29_*BISC.PT_437_1": 0.0, "30_DEJ.CRF_437_1": 0.0, "31_2.16\u20ac_437_1": 0.4, "0_Menu_receipt_00260_1": 0.5, "1_Item(s)_receipt_00260_1": 0.5714285714285714, "2_6_receipt_00260_1": 1.0, "3_258,500_receipt_00260_1": 1.0, "4_DEBIT_receipt_00260_1": 0.6, "5_CARD_receipt_00260_1": 0.0, "6_258,500_receipt_00260_1": 1.0, "7_Total_receipt_00260_1": 0.0, "8_Tax_receipt_00260_1": 0.0, "9_23,500_receipt_00260_1": 1.0, "10_235,000_receipt_00260_1": 0.42857142857142855, "11_Total_receipt_00260_1": 0.2, "12_Sub_receipt_00260_1": 1.0, "0_0_receipt_00182_0": 1.0, "1_ICE_receipt_00182_0": 1.0, "2_NO_receipt_00182_0": 1.0, "3_4,000_receipt_00182_0": 0.8, "4_(_receipt_00182_0": 1.0, "5_)_receipt_00182_0": 3.0, "6_JELLY_receipt_00182_0": 0.4, "7_R_receipt_00182_0": 1.0, "8_GRASS_receipt_00182_0": 1.0, "9_R_receipt_00182_0": 1.0, "10_21,000_receipt_00182_0": 0.5, "11_)_receipt_00182_0": 1.0, "12_(_receipt_00182_0": 2.0, "13_ROASTED_receipt_00182_0": 0.7142857142857143, "14_MT_receipt_00182_0": 1.0, "15_1_receipt_00182_0": 1.0, "0_0_receipt_00328_1": 1.0, "1_CHANGED_receipt_00328_1": 0.14285714285714285, "2_228.000_receipt_00328_1": 0.0, "3_CASH_receipt_00328_1": 0.25, "4_TOTAL_receipt_00328_1": 0.0, "5_60.000_receipt_00328_1": 0.16666666666666666, "6_3_receipt_00328_1": 1.0, "7_Tahu_receipt_00328_1": 0.0, "8_Giok_receipt_00328_1": 0.5, "9_Ikan_receipt_00328_1": 0.25, "10_Oma_receipt_00328_1": 0.6666666666666666, "11_38.000_receipt_00328_1": 0.16666666666666666, "12_Popcorn_receipt_00328_1": 0.14285714285714285, "13_1_receipt_00328_1": 1.0, "14_Butter_receipt_00328_1": 0.0, "15_Milk_receipt_00328_1": 0.0, "16_50.000_receipt_00328_1": 0.0, "17_Medium_receipt_00328_1": 0.0, "18_1_receipt_00328_1": 1.0, "19_Caramel_receipt_00328_1": 0.0, "20_5.000_receipt_00328_1": 0.0, "21_Jelly_receipt_00328_1": 0.0, "22_Lychee_receipt_00328_1": 0.0, "23_Extra_receipt_00328_1": 0.0, "24_1_receipt_00328_1": 2.0, "25_25.000_receipt_00328_1": 0.0, "26_Spc_receipt_00328_1": 0.3333333333333333, "27_Java_receipt_00328_1": 0.0, "28_Tea_receipt_00328_1": 0.0, "29_XXI_receipt_00328_1": 1.0, "30_1_receipt_00328_1": 1.0, "31_25.000_receipt_00328_1": 0.0, "32_Strwbry_receipt_00328_1": 0.14285714285714285, "33_(L)_receipt_00328_1": 1.0, "34_Fanta_receipt_00328_1": 0.0, "35_1_receipt_00328_1": 1.0, "36_25.000_receipt_00328_1": 0.0, "37_(L)_receipt_00328_1": 0.3333333333333333, "38_Coke_receipt_00328_1": 0.25, "39_1_receipt_00328_1": 1.0, "0_TICKET_614_3": 0.0, "1_CONSERVER_614_3": 0.0, "2_A_614_3": 2.0, "3_BIENTOT_614_3": 0.0, "4_A_614_3": 2.0, "5_MERCI_614_3": 0.6, "6_DE_614_3": 0.0, "7_VOTRE_614_3": 0.4, "8_VISITE_614_3": 0.0, "9_AG_614_3": 0.0, "10_28/04/17_614_3": 0.0, "11_221_614_3": 1.0, "12_12:29_614_3": 0.0, "13_568670_614_3": 0.16666666666666666, "14_1_614_3": 0.0, "15_Operateur_614_3": 0.0, "16_Date_614_3": 0.0, "17_Heure_614_3": 0.0, "18_TPU_614_3": 0.6666666666666666, "19_Ticket_614_3": 0.0, "20_(Voir_614_3": 0.4, "21_conditions_614_3": 0.0, "22_a_614_3": 1.0, "23_l'accueil_614_3": 0.2222222222222222, "24_du_614_3": 0.0, "25_nayasin)_614_3": 0.625, "26_LINGE_614_3": 0.0, "27_10ILETTE_614_3": 0.25, "28_DE_614_3": 1.0, "29_SUR_614_3": 0.0, "30_TOUT_614_3": 0.75, "31_LE_614_3": 0.0, "32_RAYON_614_3": 0.0, "33_30%_614_3": 0.3333333333333333, "34_OFFERTS_614_3": 0.14285714285714285, "35_EN_614_3": 0.0, "36_EUROS_614_3": 0.0, "37_CARTE_614_3": 0.0, "38_U_614_3": 1.0, "39_CARTE_614_3": 0.0, "40_U_614_3": 1.0, "41_DU_614_3": 1.0, "42_O9_614_3": 0.5, "43_MAI_614_3": 0.6666666666666666, "44_AU_614_3": 0.0, "45_13_614_3": 1.5, "46_MAI_614_3": 1.0, "0_003_297_1": 0.0, "1_000226_297_1": 0.0, "2_03/07/2017_297_1": 0.0, "3_12:44:08_297_1": 0.0, "4_EMV_297_1": 0.6666666666666666, "5_CB_297_1": 1.0, "6_SANS_297_1": 0.0, "7_CONTACT_297_1": 0.0, "8_EUR_297_1": 0.0, "9_14.61\u20ac_297_1": 0.3333333333333333, "10_ATICLE(S)_297_1": 0.3333333333333333, "11_4_297_1": 1.0, "12_TOTAL_297_1": 0.0, "13_A_297_1": 0.0, "14_PAYER_297_1": 0.0, "15_14.61\u20ac_297_1": 0.3333333333333333, "16_0.360kg_297_1": 0.0, "17_x_297_1": 1.0, "18_2.95\u20ac/kg_297_1": 0.0, "19_*PECHE_297_1": 0.16666666666666666, "20_PLATE_297_1": 0.0, "21_1.06\u20ac_297_1": 0.4, "22_*CAROT_297_1": 0.16666666666666666, "23_JUS_297_1": 1.0, "24_CITRON_297_1": 0.0, "25_1.48\u20ac_297_1": 0.4, "26_*BENTO_297_1": 0.16666666666666666, "27_EDOGAWA_297_1": 0.0, "28_11.75\u20ac_297_1": 0.3333333333333333, "29_0.165kg_297_1": 0.0, "30_x_297_1": 2.0, "31_1.95\u20ac/kg_297_1": 0.125, "32_*BANANI_297_1": 0.2857142857142857, "33_0.32\u20ac_297_1": 0.4, "0_DESCRIPTION_306_0": 0.09090909090909091, "1_QTE_306_0": 0.3333333333333333, "2_NONTANT_306_0": 0.42857142857142855, "3_Tel_306_0": 0.0, "4_17000_306_0": 0.0, "5_LA_306_0": 0.0, "6_ROCHELLE_306_0": 0.0, "7_33_306_0": 1.0, "8_RUE_306_0": 0.0, "9_DE_306_0": 0.0, "10_LA_306_0": 0.5, "11_SCIERIE_306_0": 0.0, "12_CRF-CITY_306_0": 0.125, "13_LA_306_0": 0.5, "14_ROCHELLE_306_0": 0.0, "0_Tel_443_0": 0.0, "1_17000_443_0": 0.0, "2_ROCHELLE_443_0": 0.0, "3_RUE_443_0": 0.0, "4_33_443_0": 0.0, "5_DE_443_0": 0.0, "6_SCIERIE_443_0": 0.0, "7_LA_443_0": 0.5, "8_CRF-CITY_443_0": 0.0, "9_ROCHELLE_443_0": 0.0, "10_LA_443_0": 0.0, "0_55,000_receipt_00419_0": 0.0, "1_55,000_receipt_00419_0": 0.0, "2_1_receipt_00419_0": 1.0, "3_Oriental_receipt_00419_0": 0.125, "4_\"Ketjap\"_receipt_00419_0": 0.0, "5_Rice_receipt_00419_0": 0.0, "6_Pork_receipt_00419_0": 0.0, "7_75,000_receipt_00419_0": 0.0, "8_2_receipt_00419_0": 1.0, "9_150,000_receipt_00419_0": 0.0, "10_Nasi_receipt_00419_0": 0.0, "11_Campur_receipt_00419_0": 0.3333333333333333, "12_ala_receipt_00419_0": 0.0, "13_Bali_receipt_00419_0": 0.0, "14_30,000_receipt_00419_0": 0.0, "15_30,000_receipt_00419_0": 0.0, "16_1_receipt_00419_0": 1.0, "17_Hot_receipt_00419_0": 0.0, "18_Black_receipt_00419_0": 0.0, "19_Cofee_receipt_00419_0": 0.0, "20_20,000_receipt_00419_0": 0.0, "21_1_receipt_00419_0": 1.0, "22_20,000_receipt_00419_0": 0.0, "23_Reflection_receipt_00419_0": 0.1, "24_Sparkling_receipt_00419_0": 0.1111111111111111, "25_65,000_receipt_00419_0": 0.0, "26_1_receipt_00419_0": 1.0, "27_65,000_receipt_00419_0": 0.0, "28_Pork_receipt_00419_0": 0.0, "29_Belly_receipt_00419_0": 0.0, "30_Cheese_receipt_00419_0": 0.0, "31_Fries_receipt_00419_0": 0.2, "0_:_587_0": 1.0, "1_Tel_587_0": 0.0, "2_ROCHELLE_587_0": 0.0, "3_LA_587_0": 0.0, "4_17000_587_0": 0.0, "5_AVENUE_587_0": 0.0, "6_JEAN_587_0": 0.0, "7_GUITON_587_0": 0.16666666666666666, "8_37_587_0": 0.0, "9_BIS_587_0": 0.0, "10_ROCHELLE_587_0": 0.0, "11_CRF-CITY_587_0": 0.0, "12_LA_587_0": 0.5, "0_16,000_receipt_00609_1": 0.16666666666666666, "1_CHANGE DUE_receipt_00609_1": 0.1, "2_50,000_receipt_00609_1": 0.3333333333333333, "3_CASH IDR_receipt_00609_1": 0.125, "4_34,000_receipt_00609_1": 0.16666666666666666, "5_GRAND TOTAL_receipt_00609_1": 0.0, "6_34,000_receipt_00609_1": 0.16666666666666666, "7_TOTAL_receipt_00609_1": 0.2, "8_SUB_receipt_00609_1": 1.3333333333333333, "9_17,000_receipt_00609_1": 0.16666666666666666, "10_17,000_receipt_00609_1": 0.3333333333333333, "11_1_receipt_00609_1": 1.0, "0_Tendered:_receipt_00440_1": 0.3333333333333333, "1_24.000_receipt_00440_1": 0.16666666666666666, "2_Cash_receipt_00440_1": 0.5, "3_Total._receipt_00440_1": 0.6666666666666666, "4_24.000_receipt_00440_1": 0.0, "5_Total_receipt_00440_1": 0.6, "6_Item:_receipt_00440_1": 0.4, "7_2_receipt_00440_1": 0.0, "8_0_receipt_00440_1": 1.0, "9_0_receipt_00440_1": 0.0, "10_x1_receipt_00440_1": 1.0, "11_Bag_receipt_00440_1": 0.3333333333333333, "12_6001-Plastic_receipt_00440_1": 0.25, "13_Small_receipt_00440_1": 0.2, "14_24.000_receipt_00440_1": 0.0, "15_24.000_receipt_00440_1": 0.16666666666666666, "16_x1_receipt_00440_1": 0.5, "17_Mushroom_receipt_00440_1": 0.25, "18_1004-Smoked_receipt_00440_1": 0.0, "19_Cheese_receipt_00440_1": 0.16666666666666666, "20_&_receipt_00440_1": 3.0, "0_4_208_0": 0.0, "1_MINI_208_0": 0.25, "2_BEIGNET_208_0": 0.0, "3_FRAMB_208_0": 0.2, "4_3,05_208_0": 0.5, "5_DESIGNATION_208_0": 0.0, "6_QTE_208_0": 1.0, "7_MONTANT_208_0": 0.0, "8_Lundi_208_0": 0.0, "9_au_208_0": 0.5, "10_samedi_208_0": 0.0, "11_8h30_208_0": 0.0, "12_de_208_0": 0.0, "13_a_208_0": 1.0, "14_21h00_208_0": 0.2, "15_TEI:_208_0": 0.75, "16_05_208_0": 0.5, "17_46_208_0": 0.5, "18_51_208_0": 1.0, "19_23_208_0": 0.0, "20_79_208_0": 0.0, "21_Bienvenue_208_0": 0.0, "22_chez_208_0": 0.0, "0_CHANGE_receipt_00392_1": 0.3333333333333333, "1_20.000_receipt_00392_1": 0.0, "2_50.000_receipt_00392_1": 0.0, "3_50.000_receipt_00392_1": 0.0, "4_30.000_receipt_00392_1": 0.3333333333333333, "5_PAID_receipt_00392_1": 0.0, "6_ROUNDED_receipt_00392_1": 0.14285714285714285, "7_0_receipt_00392_1": 1.0, "8_DISCOUNT_receipt_00392_1": 0.125, "9_0)_receipt_00392_1": 1.0, "10_30.000_receipt_00392_1": 0.16666666666666666, "11_SUBTOTAL_receipt_00392_1": 0.0, "12_4_receipt_00392_1": 1.0, "13_PCS_receipt_00392_1": 1.0, "14_1_receipt_00392_1": 1.0, "15_x_receipt_00392_1": 1.0, "16_0_receipt_00392_1": 2.0, "17_0_receipt_00392_1": 1.0, "18_SHOPPING_receipt_00392_1": 0.125, "19_BAG_receipt_00392_1": 0.0, "20_ROTI'O'_receipt_00392_1": 0.42857142857142855, "21_370/_receipt_00392_1": 0.75, "0_Kembali_receipt_00101_1": 0.0, "1_85.700_receipt_00101_1": 0.6666666666666666, "2_Tunai_receipt_00101_1": 0.0, "3_100.000_receipt_00101_1": 0.0, "4_Total_receipt_00101_1": 0.0, "5_14.300_receipt_00101_1": 0.0, "6_(10%)_receipt_00101_1": 0.0, "7_1.300_receipt_00101_1": 0.0, "8_PPN_receipt_00101_1": 0.6666666666666666, "9_13.000_receipt_00101_1": 0.0, "10_Subtotal_receipt_00101_1": 0.875, "11_ES_receipt_00101_1": 0.5, "12_CHOCO_receipt_00101_1": 0.6, "13_GREEN_receipt_00101_1": 0.0, "14_TEA_receipt_00101_1": 0.0, "15_1_receipt_00101_1": 1.0, "16_13.000_receipt_00101_1": 0.0, "0_ _receipt_00043_0": 3.0, "0_25,000_receipt_00413_1": 0.0, "1_CG_receipt_00413_1": 1.0, "2_300,000_receipt_00413_1": 0.5714285714285714, "3_CASH_receipt_00413_1": 0.0, "4_TL_receipt_00413_1": 1.0, "5_25,000_receipt_00413_1": 0.0, "6_TX1_receipt_00413_1": 0.6666666666666666, "7_250,000_receipt_00413_1": 0.14285714285714285, "8_TA1_receipt_00413_1": 1.0, "0_DU_receipt_00777_1": 1.0, "1_Tax_receipt_00777_1": 0.3333333333333333, "2_141,192_receipt_00777_1": 0.14285714285714285, "3_10%_receipt_00777_1": 1.0, "4_SERVICE_receipt_00777_1": 0.2857142857142857, "5_CHARGE_receipt_00777_1": 0.16666666666666666, "6_79,920_receipt_00777_1": 1.0, "7_1,082,000_receipt_00777_1": 0.5555555555555556, "8_SUBTOTAL_receipt_00777_1": 0.375, "9_OTHERS_receipt_00777_1": 0.5, "10_30.000_receipt_00777_1": 0.5, "11_84,000_receipt_00777_1": 0.6666666666666666, "12_BEVERAGES_receipt_00777_1": 0.1111111111111111, "13_1.198.000_receipt_00777_1": 0.5555555555555556, "14_FOOD_receipt_00777_1": 1.0, "15_250,000 -_receipt_00777_1": 0.4444444444444444, "16_DISC_receipt_00777_1": 1.0, "17_MANDIRI_receipt_00777_1": 0.5714285714285714, "18_98.000_receipt_00777_1": 0.5, "19_1_receipt_00777_1": 1.0, "20_AGSIO_receipt_00777_1": 1.0, "21_TH_receipt_00777_1": 1.5, "22_PC_receipt_00777_1": 1.0, "23_JMR_receipt_00777_1": 0.6666666666666666, "24_TIM_receipt_00777_1": 1.0, "25_KECAP_receipt_00777_1": 0.4, "26_1_receipt_00777_1": 1.0, "27_IKAN_receipt_00777_1": 0.5, "28_MALAS_receipt_00777_1": 0.2, "29_650GR_receipt_00777_1": 1.0, "30_364,000_receipt_00777_1": 0.42857142857142855, "31_10.000_receipt_00777_1": 0.6666666666666666, "32_NASI_receipt_00777_1": 1.0, "33_5_receipt_00777_1": 0.0, "34_PUTIH_receipt_00777_1": 0.0, "35_50,000_receipt_00777_1": 1.0, "36_2_receipt_00777_1": 1.0, "37_JD_receipt_00777_1": 1.0, "38_TMPAT_receipt_00777_1": 0.6, "39_=*MEDIUM*=_receipt_00777_1": 0.9, "40_1_receipt_00777_1": 1.0, "41_BWG_receipt_00777_1": 0.6666666666666666, "42_PUTIH_receipt_00777_1": 1.0, "43_84,000_receipt_00777_1": 0.5, "44_POCAI_receipt_00777_1": 1.0, "0_9,454_receipt_00466_1": 0.0, "1_TAX_receipt_00466_1": 0.3333333333333333, "2_94,546_receipt_00466_1": 0.16666666666666666, "3_SUBTOTAL_receipt_00466_1": 0.125, "4_TEA_receipt_00466_1": 0.3333333333333333, "5_1_receipt_00466_1": 2.0, "6_DILMAH_receipt_00466_1": 0.5, "7_ENGLISH_receipt_00466_1": 0.0, "8_1_receipt_00466_1": 1.0, "9_GARLIC_receipt_00466_1": 0.16666666666666666, "10_BREAD_receipt_00466_1": 0.2, "11_27,273_receipt_00466_1": 0.0, "12_1_receipt_00466_1": 1.0, "13_PAKET_receipt_00466_1": 0.6, "14_HAPPY_receipt_00466_1": 0.4, "15_HOUR_receipt_00466_1": 0.25, "16_29,091_receipt_00466_1": 0.3333333333333333, "17_1_receipt_00466_1": 1.0, "18_P/P_receipt_00466_1": 1.6666666666666667, "19_AMERICAN_receipt_00466_1": 0.25, "20_FAV_receipt_00466_1": 1.0, "21_38,182_receipt_00466_1": 0.0, "22_1_receipt_00466_1": 1.0, "23_NEW_receipt_00466_1": 0.3333333333333333, "24_BEEF_receipt_00466_1": 0.25, "25_SPAGHETTI_receipt_00466_1": 0.1111111111111111, "0_1_receipt_00759_0": 0.0, "1_9000_receipt_00759_0": 0.0, "2_9000_receipt_00759_0": 0.0, "3_TWIST_receipt_00759_0": 0.2, "4_DONUT_receipt_00759_0": 0.0, "0_:_268_1": 3.0, "1_Carte_268_1": 0.0, "2_CB_268_1": 2.0, "3_EMV_268_1": 0.6666666666666666, "4_SANS_268_1": 0.0, "5_CONTACT_268_1": 0.0, "6_EUR_268_1": 0.0, "7_5.49\u20ac_268_1": 0.4, "8_ATICLE(S)_268_1": 0.1111111111111111, "9_TOTAL_268_1": 0.0, "10_A_268_1": 1.0, "11_PAYER_268_1": 0.0, "12_5.49\u20ac_268_1": 0.4, "13_*D.PIZ_268_1": 0.5, "14_A_268_1": 1.0, "15_FORMAGGI_268_1": 0.25, "16_4_268_1": 1.0, "17_4.90\u20ac_268_1": 0.4, "18_1.95\u20ac/kg_268_1": 0.125, "19_*BANAN_268_1": 0.3333333333333333, "20_0.59\u20ac_268_1": 0.4, "0_3,34_664_1": 1.0, "1_3,50_664_1": 0.25, "2_A_664_1": 0.0, "3_Article_664_1": 0.2857142857142857, "4_divers_664_1": 0.0, "5_1pcs_664_1": 0.5, "6_2,00_664_1": 0.25, "7_2,00_664_1": 0.25, "8_A_664_1": 0.0, "9_divers_664_1": 0.0, "10_Article_664_1": 0.42857142857142855, "11_kg_664_1": 0.5, "12_4,93_664_1": 0.25, "13_4,50_664_1": 0.25, "14_1,095_664_1": 0.2, "15_A_664_1": 0.0, "16_Article_664_1": 0.14285714285714285, "17_divers_664_1": 0.0, "18_1pcs_664_1": 0.25, "19_0,80_664_1": 0.5, "20_0,80_664_1": 0.5, "21_A_664_1": 0.0, "22_Article_664_1": 0.0, "23_divers_664_1": 0.0, "24_d'article_664_1": 0.1111111111111111, "25_Nom_664_1": 0.3333333333333333, "0_ _receipt_00626_0": 17.0, "0_MERCI_716_2": 0.2, "1_ET_716_2": 0.0, "2_A_716_2": 0.0, "3_BIENTOT_716_2": 0.0, "4_DE_716_2": 0.0, "5_9H00_716_2": 0.5, "6_A_716_2": 0.0, "7_19H30_716_2": 0.0, "8_OUVERTURE_716_2": 0.0, "9_DU_716_2": 1.0, "10_LUNDI_716_2": 0.0, "11_AU_716_2": 0.0, "12_SAMEDI_716_2": 0.16666666666666666, "13_par_716_2": 0.0, "14_24,77_716_2": 0.0, "15_Paiement_716_2": 0.0, "16_Carte_716_2": 0.0, "17_bancaire_716_2": 0.0, "18_EUR_716_2": 0.0, "19_23,48_716_2": 0.0, "20_1,29_716_2": 0.75, "21_reduit_716_2": 0.0, "22_Taux_716_2": 0.0, "23_sur_716_2": 0.0, "0_go_750_2": 0.0, "1_to_750_2": 0.5, "2_website_750_2": 0.0, "3_the_750_2": 0.0, "4_Rendez-vous_750_2": 0.0, "5_notre_750_2": 0.0, "6_sur_750_2": 0.0, "7_site_750_2": 0.0, "8_web_750_2": 0.0, "9_Code_750_2": 0.0, "10_UR:_750_2": 0.0, "11_918140_750_2": 0.0, "0_CHANGE_receipt_00746_1": 0.0, "1_78.000_receipt_00746_1": 0.0, "2_CASH_receipt_00746_1": 0.0, "3_100.000_receipt_00746_1": 0.0, "4_TOTAL_receipt_00746_1": 0.0, "5_ITEMS_receipt_00746_1": 0.0, "6_1Q_receipt_00746_1": 1.0, "0_(1_761_1": 1.0, "1_Francs)_761_1": 0.0, "2_EURO_761_1": 0.25, "3_6.55957_761_1": 0.0, "4_=_761_1": 1.0, "5_TOTAL_761_1": 0.6, "6_FRF_761_1": 0.3333333333333333, "7_45.72F_761_1": 0.0, "8_=_761_1": 1.0, "9_4)_761_1": 0.0, "10_6.97PS_761_1": 0.3333333333333333, "11_T7_761_1": 1.5, "12_EG_761_1": 0.0, "13_EXTRA_761_1": 0.0, "14_NET_761_1": 0.3333333333333333, "15_2+1_761_1": 0.3333333333333333, "16_1.498_761_1": 0.2, "17_T7_761_1": 0.5, "18_AIR_761_1": 0.3333333333333333, "19_FRESHNER_761_1": 0.0, "20_AUTO_761_1": 0.0, "21_0.998_761_1": 0.2, "22_T7_761_1": 1.0, "23_XT_761_1": 1.0, "24_TOTAL_761_1": 0.0, "25_ECO_761_1": 0.0, "26_2.50\u20ac_761_1": 0.2, "27_F_761_1": 0.0, "28_T7_761_1": 0.5, "29_1.99_761_1": 1.0, "0_repris_491_1": 0.0, "1_echange_491_1": 0.0, "2_Solde_491_1": 0.0, "3_ni_491_1": 0.0, "4_ni_491_1": 0.0, "5_17/04/2017_491_1": 0.0, "6_0109_491_1": 0.25, "7_003_491_1": 0.3333333333333333, "8_000142_491_1": 0.0, "9_11:45:52_491_1": 0.0, "10_EMV_491_1": 0.0, "11_CARTE_491_1": 0.0, "12_6.26\u20ac_491_1": 0.4, "13_BANCAIRE_491_1": 0.0, "14_EUR_491_1": 0.0, "15_(S)_491_1": 1.0, "16_6.26\u20ac_491_1": 0.4, "17_3_491_1": 1.0, "18_ARTICLE_491_1": 0.0, "19_TOTAL_491_1": 0.0, "20_A_491_1": 1.0, "21_PAYER_491_1": 0.0, "22_TOTAL_491_1": 0.0, "23_NON_491_1": 1.0, "24_ALIMENTAIRE_491_1": 0.18181818181818182, "25_0.10\u20ac_491_1": 0.6, "26_0.10\u20ac_491_1": 0.4, "27_SAC_491_1": 0.3333333333333333, "28_CAISSE_491_1": 0.0, "29_PAPIER_491_1": 0.16666666666666666, "30_TOTAL_491_1": 0.2, "31_ALIMENTAIRE_491_1": 0.2727272727272727, "32_6.16\u20ac_491_1": 0.4, "33_*EMM_491_1": 0.75, "34_PDT_491_1": 0.3333333333333333, "35_RAPE_491_1": 0.0, "36_200G_491_1": 0.25, "37_1.69\u20ac_491_1": 0.6, "38_*BANANES_491_1": 0.125, "39_4.47\u20ac_491_1": 0.4, "0_ _receipt_00298_0": 4.0, "0_Kembali_receipt_00568_1": 0.14285714285714285, "1_4.000_receipt_00568_1": 0.0, "2_Bayar_receipt_00568_1": 0.0, "3_50.000_receipt_00568_1": 0.0, "4_5_receipt_00568_1": 0.0, "5_1_receipt_00568_1": 1.0, "6_*PlastiK_receipt_00568_1": 0.25, "7_Kcl_receipt_00568_1": 0.3333333333333333, "8_2_receipt_00568_1": 0.0, "9_Polo_receipt_00568_1": 0.25, "10_1_receipt_00568_1": 1.0, "11_2_receipt_00568_1": 0.0, "12_0_receipt_00568_1": 0.0, "13_Large_receipt_00568_1": 0.4, "14_24.000_receipt_00568_1": 0.16666666666666666, "15_1_receipt_00568_1": 1.0, "16_22.000_receipt_00568_1": 0.0, "0_:_80_0": 1.0, "1_Tel_80_0": 0.0, "2_34_80_0": 0.0, "3_000_80_0": 0.0, "4_SCIERIE_80_0": 0.0, "5_LA_80_0": 0.5, "6_RUE_80_0": 0.0, "7_DE_80_0": 0.0, "8_33_80_0": 0.0, "9_ROCHELLE_80_0": 0.0, "10_CRF-CITY_80_0": 0.0, "11_LA_80_0": 1.0, "0_DESCR_64_0": 0.2, "1_PTION_64_0": 0.0, "2_MONTANT_64_0": 0.14285714285714285, "3_QTE_64_0": 0.3333333333333333, "4_Tel_64_0": 0.0, "5_LA_64_0": 0.0, "6_17000_64_0": 0.0, "7_ROCHELLE_64_0": 0.0, "8_33_64_0": 0.0, "9_RUE_64_0": 0.0, "10_DE_64_0": 0.0, "11_LA_64_0": 0.0, "12_SCIERIE_64_0": 0.0, "13_ROCHELLE_64_0": 0.0, "14_CRF-CITY_64_0": 0.0, "15_LA_64_0": 0.5, "0_ _receipt_00672_0": 7.0, "0_A_541_2": 0.0, "1_BIENTOT_541_2": 0.0, "2_VOTRE_541_2": 0.0, "3_VISITE_541_2": 0.0, "4_MERCI_541_2": 0.0, "5_DE_541_2": 0.0, "6_20/03/2017_541_2": 0.0, "7_12:37:55_541_2": 0.0, "8_004_541_2": 1.0, "9_000214_541_2": 0.0, "10_0007_541_2": 0.0, "11_Carte_541_2": 0.0, "12_:_541_2": 1.0, "0_ _receipt_00760_0": 4.0, "0_A_134_2": 0.0, "1_BIENTOT_134_2": 0.0, "2_MERCI_134_2": 0.0, "3_DE_134_2": 0.0, "4_VOTRE_134_2": 0.0, "5_VISITE_134_2": 0.0, "6_0004_134_2": 0.25, "7_003_134_2": 0.0, "8_000323_134_2": 0.16666666666666666, "9_03/02/2016_134_2": 0.1, "10_17:12:13_134_2": 0.25, "11_CARTE_134_2": 0.0, "12_BANCAIRE_134_2": 0.0, "13_EMV_134_2": 0.0, "14_EUR_134_2": 0.0, "15_17.58\u20ac_134_2": 0.3333333333333333, "0_A_2_2": 0.0, "1_BIENTOT_2_2": 0.0, "0_BCA_receipt_00218_1": 0.6666666666666666, "1_421,641_receipt_00218_1": 1.0, "2_Card_receipt_00218_1": 0.25, "3_TOTAL_receipt_00218_1": 1.0, "4_421,641_receipt_00218_1": 1.0, "5_PB1_receipt_00218_1": 1.0, "6_10%_receipt_00218_1": 0.6666666666666666, "7_41,949_receipt_00218_1": 1.0, "8_SC_receipt_00218_1": 1.0, "9_6%_receipt_00218_1": 1.0, "10_21,492_receipt_00218_1": 1.0, "11_Disc_receipt_00218_1": 0.0, "12_10%_receipt_00218_1": 1.0, "13_XXI_receipt_00218_1": 0.0, "14_39,800)_receipt_00218_1": 0.42857142857142855, "15_SUBTOTAL_receipt_00218_1": 0.125, "16_398,000_receipt_00218_1": 0.2857142857142857, "0_MERCI_729_2": 0.2, "1_ET_729_2": 0.0, "2_BIENTOT_729_2": 0.0, "3_A_729_2": 0.0, "4_DE_729_2": 0.0, "5_9H00_729_2": 0.75, "6_A_729_2": 0.0, "7_19H30_729_2": 0.2, "8_OUVERTURE_729_2": 0.0, "9_DU_729_2": 1.0, "10_LUNDI_729_2": 0.2, "11_AU_729_2": 0.0, "12_SAMEDI_729_2": 0.0, "0_CHANGE_receipt_00423_0": 0.0, "1_78,000_receipt_00423_0": 0.0, "2_CASH_receipt_00423_0": 1.0, "3_100,000_receipt_00423_0": 0.0, "4_TOTAL_receipt_00423_0": 0.0, "5_22,000_receipt_00423_0": 0.0, "6_CHOCO_receipt_00423_0": 1.0, "7_1_receipt_00423_0": 1.0, "8_CUSTARD_receipt_00423_0": 0.2857142857142857, "9_PASTRY_receipt_00423_0": 0.0, "10_12,000_receipt_00423_0": 0.5, "11_[MD]_receipt_00423_0": 1.0, "12_1_receipt_00423_0": 1.0, "13_SOFT_receipt_00423_0": 0.25, "14_STEAMED_receipt_00423_0": 0.0, "15_CHEESEC_receipt_00423_0": 0.0, "16_10,000_receipt_00423_0": 0.0, "0_Change:_receipt_00433_1": 0.2857142857142857, "1_5,000_receipt_00433_1": 0.4, "2_~CASH_receipt_00433_1": 0.4, "3_125,000_receipt_00433_1": 0.2857142857142857, "4_GRAND_receipt_00433_1": 0.0, "5_TOTAL_receipt_00433_1": 0.0, "6_RESTAURANT_receipt_00433_1": 0.0, "7_TAX_receipt_00433_1": 1.0, "8_11,364_receipt_00433_1": 0.0, "9_SUB._receipt_00433_1": 0.0, "10_TOTAL_receipt_00433_1": 0.0, "11_113,636_receipt_00433_1": 0.14285714285714285, "12_COLD_receipt_00433_1": 1.0, "13_OCHA_receipt_00433_1": 0.25, "14_10,909_receipt_00433_1": 0.0, "15_1_receipt_00433_1": 1.0, "16_INARI_receipt_00433_1": 0.4, "17_1_receipt_00433_1": 1.0, "18_10,000_receipt_00433_1": 0.16666666666666666, "19_BEEF_receipt_00433_1": 0.25, "20_CURRY_receipt_00433_1": 0.2, "21_RICE_receipt_00433_1": 0.0, "22_1_receipt_00433_1": 2.0, "23_49,091_receipt_00433_1": 0.16666666666666666, "24_TORI_receipt_00433_1": 1.0, "25_BAITAN_receipt_00433_1": 0.0, "26_UDON_receipt_00433_1": 1.0, "27_1_receipt_00433_1": 1.0, "28_43,636_receipt_00433_1": 0.16666666666666666, "0_Change:_receipt_00508_1": 0.14285714285714285, "1_Tendered:_receipt_00508_1": 0.1111111111111111, "2_Cash_receipt_00508_1": 0.5, "3_Total._receipt_00508_1": 0.0, "4_Total_receipt_00508_1": 0.2, "5_Item:_receipt_00508_1": 0.4, "6_4_receipt_00508_1": 1.0, "7_0,00_receipt_00508_1": 0.0, "8_0,00_receipt_00508_1": 0.25, "9_x1_receipt_00508_1": 1.0, "10_KECIL_receipt_00508_1": 0.0, "11_TENTENGAN_receipt_00508_1": 0.1111111111111111, "12_6.500,00_receipt_00508_1": 0.375, "13_6.500,00_receipt_00508_1": 0.125, "14_x1_receipt_00508_1": 0.5, "15_IKAN_receipt_00508_1": 0.25, "16_6.000,00_receipt_00508_1": 0.0, "17_6.000.00_receipt_00508_1": 0.25, "18_x1_receipt_00508_1": 0.5, "19_3025-BOLU_receipt_00508_1": 0.4444444444444444, "20_PTG_receipt_00508_1": 0.3333333333333333, "21_GULUNG_receipt_00508_1": 0.16666666666666666, "22_MOCCA_receipt_00508_1": 1.0, "0_0056_receipt_00388_0": 0.25, "1_Chicken_receipt_00388_0": 0.0, "2_Herb_receipt_00388_0": 0.0, "3_Crust_receipt_00388_0": 0.0, "4_3_receipt_00388_0": 0.0, "5_59,000_receipt_00388_0": 0.16666666666666666, "6_177.000_receipt_00388_0": 0.0, "7_0050_receipt_00388_0": 0.0, "8_Valdostana_receipt_00388_0": 0.0, "9_1_receipt_00388_0": 0.0, "10_82,000_receipt_00388_0": 0.16666666666666666, "11_82.000_receipt_00388_0": 0.0, "12_0045_receipt_00388_0": 0.25, "13_Zurich_receipt_00388_0": 0.0, "14_Geschnitzel_receipt_00388_0": 0.09090909090909091, "15_32,000_receipt_00388_0": 0.0, "16_1_receipt_00388_0": 1.0, "17_32.000_receipt_00388_0": 0.0, "18_escargot_receipt_00388_0": 0.125, "19_0001_receipt_00388_0": 1.0, "20_florentine_receipt_00388_0": 0.0}